<!DOCTYPE html><html lang="de"><head><meta charSet="utf-8"/><meta name="viewport" content="width=device-width, initial-scale=1, shrink-to-fit=no"/><title>Arzneimittel &amp; Medikamente kaufen | DocMorris</title><meta content="Arznmeimittel &amp; Medikamente bequem in der Online-Apotheke bestellen. Schnelle Lieferung ✓ Rezeptfrei ✓ Sichere Zahlung ✓" name="description"/><meta name="robots" content="index, follow"/><link rel="canonical" href="https://www.docmorris.de/arzneimittel-gesundheit"/><link rel="next" href="https://www.docmorris.de/arzneimittel-gesundheit?page=2"/><meta property="twitter:card" content="summary_large_image"/><meta property="twitter:url" content="https://www.docmorris.de/arzneimittel-gesundheit"/><meta property="twitter:title" content="Arzneimittel &amp; Medikamente kaufen | DocMorris"/><meta property="twitter:description" content="Arznmeimittel &amp; Medikamente bequem in der Online-Apotheke bestellen. Schnelle Lieferung ✓ Rezeptfrei ✓ Sichere Zahlung ✓"/><meta property="twitter:image" content="https://www.docmorris.de/assets/img/open-graph.jpg"/><meta property="og:type" content="website"/><meta property="og:title" content="Arzneimittel &amp; Medikamente kaufen | DocMorris"/><meta property="og:url" content="https://www.docmorris.de/arzneimittel-gesundheit"/><meta property="og:description" content="Arznmeimittel &amp; Medikamente bequem in der Online-Apotheke bestellen. Schnelle Lieferung ✓ Rezeptfrei ✓ Sichere Zahlung ✓"/><meta property="og:image" content="https://www.docmorris.de/assets/img/open-graph.jpg"/><meta name="next-head-count" content="17"/><meta http-equiv="X-UA-Compatible" content="IE=edge"/><link rel="preload" href="/assets/fonts/poppins/poppins-regular-webfont.woff2" type="font/woff2" as="font" crossorigin="anonymous"/><link rel="preload" href="/assets/fonts/poppins/poppins-medium-webfont.woff2" type="font/woff2" as="font" crossorigin="anonymous"/><link rel="preload" href="/assets/fonts/poppins/poppins-semibold-webfont.woff2" type="font/woff2" as="font" crossorigin="anonymous"/><link rel="preload" href="/assets/fonts/poppins/poppins-bold-webfont.woff2" type="font/woff2" as="font" crossorigin="anonymous"/><link rel="preconnect" href="https://measure.docmorris.de" crossorigin="anonymous"/><link rel="preconnect" href="https://statics.docmorris.de" crossorigin="anonymous"/><link rel="icon" type="image/png" href="/favicon-96x96.png" sizes="96x96"/><link rel="icon" type="image/svg+xml" href="/favicon.svg"/><link rel="shortcut icon" href="/favicon.ico"/><link rel="apple-touch-icon" sizes="180x180" href="/apple-touch-icon.png"/><meta name="apple-mobile-web-app-title" content="docmorris"/><link rel="manifest" href="/site.webmanifest"/><script data-cmp-vendor="s905" data-cmp-ab="1" class="cmplazyload">
(function(w,d,s,l,i){w[l]=w[l]||[];w[l].push({'gtm.start':
    new Date().getTime(),event:'gtm.js'});var f=d.getElementsByTagName(s)[0],
    j=d.createElement(s),dl=l!='dataLayer'?'&l='+l:'';j.async=true;j.src=
    'https://measure.docmorris.de/gtm.js?id='+i+dl+'&gtm_auth=yMinOWFhvSP5kMUDM7TzXg&gtm_preview=env-2&gtm_cookies_win=x';
    j.addEventListener('load', function() {
        var _ge = new CustomEvent('gtm_loaded', { bubbles: true });
        setTimeout(() => d.dispatchEvent(_ge), 500);
    });
    f.parentNode.insertBefore(j,f);
    })(window,document,'script','dataLayer','GTM-KBGX7K8');
</script><link rel="preload" href="/docmorris/_next/static/css/38faadaf0544b5da.css" as="style"/><link rel="stylesheet" href="/docmorris/_next/static/css/38faadaf0544b5da.css" data-n-g=""/><link rel="preload" href="/docmorris/_next/static/css/01df739aba7399fc.css" as="style"/><link rel="stylesheet" href="/docmorris/_next/static/css/01df739aba7399fc.css" data-n-p=""/><noscript data-n-css=""></noscript><script defer="" nomodule="" src="/docmorris/_next/static/chunks/polyfills-42372ed130431b0a.js"></script><script src="/docmorris/_next/static/chunks/webpack-73974eac5d51bfff.js" defer=""></script><script src="/docmorris/_next/static/chunks/framework-8d1776448bf728d8.js" defer=""></script><script src="/docmorris/_next/static/chunks/main-0653b5fdfa78b31d.js" defer=""></script><script src="/docmorris/_next/static/chunks/pages/_app-b82d024e23e6a1d1.js" defer=""></script><script src="/docmorris/_next/static/chunks/261711ef-3240f1882a12cce7.js" defer=""></script><script src="/docmorris/_next/static/chunks/fd664669-bfade93638129554.js" defer=""></script><script src="/docmorris/_next/static/chunks/195-91d7714432a7def6.js" defer=""></script><script src="/docmorris/_next/static/chunks/2672-fdaa07ed3c0c8225.js" defer=""></script><script src="/docmorris/_next/static/chunks/1776-c2c7fc4b3c988a47.js" defer=""></script><script src="/docmorris/_next/static/chunks/5451-6a7b772d93465e64.js" defer=""></script><script src="/docmorris/_next/static/chunks/7084-0092a3c38d1da4b8.js" defer=""></script><script src="/docmorris/_next/static/chunks/192-d78ba33affaa1f9a.js" defer=""></script><script src="/docmorris/_next/static/chunks/1894-07898e11f37f3378.js" defer=""></script><script src="/docmorris/_next/static/chunks/904-f7c9422acf2302cc.js" defer=""></script><script src="/docmorris/_next/static/chunks/7797-ad7308e59222afb4.js" defer=""></script><script src="/docmorris/_next/static/chunks/6647-37490ba3cf5d4058.js" defer=""></script><script src="/docmorris/_next/static/chunks/5337-721058220b1aafc6.js" defer=""></script><script src="/docmorris/_next/static/chunks/4107-73415c1e5d883349.js" defer=""></script><script src="/docmorris/_next/static/chunks/3671-8bf2ac93053bab2b.js" defer=""></script><script src="/docmorris/_next/static/chunks/3869-616d9d1ce336f166.js" defer=""></script><script src="/docmorris/_next/static/chunks/1123-c9ce03ba3a2f3d63.js" defer=""></script><script src="/docmorris/_next/static/chunks/2673-0a40965c79c34061.js" defer=""></script><script src="/docmorris/_next/static/chunks/2394-d9a82a071a8dcb48.js" defer=""></script><script src="/docmorris/_next/static/chunks/8665-288c0510ac171f15.js" defer=""></script><script src="/docmorris/_next/static/chunks/6778-b627ccc4f4a9fcaf.js" defer=""></script><script src="/docmorris/_next/static/chunks/6621-284655646a446639.js" defer=""></script><script src="/docmorris/_next/static/chunks/6334-0edb25c108bae678.js" defer=""></script><script src="/docmorris/_next/static/chunks/pages/arzneimittel-gesundheit-6cb90abef226ade6.js" defer=""></script><script src="/docmorris/_next/static/qLI8b0odM2NIqN3-wIRkW/_buildManifest.js" defer=""></script><script src="/docmorris/_next/static/qLI8b0odM2NIqN3-wIRkW/_ssgManifest.js" defer=""></script></head><body><noscript><iframe src="https://measure.docmorris.de/ns.html?id=GTM-KBGX7K8&amp;gtm_auth=yMinOWFhvSP5kMUDM7TzXg&amp;gtm_preview=env-2&amp;gtm_cookies_win=x" data-cmp-vendor="s905" data-cmp-ab="1" class="cmplazyload" height="0" width="0" style="display:none;visibility:hidden"></iframe></noscript><div id="__next"><div id="app"><script type="application/ld+json">[{"@context":"https://schema.org","@graph":[{"@type":"WebSite","url":"https://www.docmorris.de/","potentialAction":{"@type":"SearchAction","target":{"@type":"EntryPoint","urlTemplate":"https://www.docmorris.de/search?query={search_term_string}"},"query-input":"required name=search_term_string"}},{"@type":"Organization","url":"https://www.docmorris.de/","name":"DocMorris","logo":"https://www.docmorris.de/assets/img/open-graph.jpg","sameAs":["https://www.facebook.com/DocMorris","https://www.instagram.com/docmorris/","https://www.youtube.com/docmorris/"],"contactPoint":{"@type":"ContactPoint","telephone":"+49-800-480-8000","contactType":"Customer Service","url":"https://www.docmorris.de/kontaktformular"}}]},{"@context":"https://schema.org","@type":"BreadcrumbList","itemListElement":[{"@type":"ListItem","position":1,"name":"Startseite","item":"https://www.docmorris.de"},{"@type":"ListItem","position":2,"name":"Arzneimittel & Gesundheit","item":"https://www.docmorris.de/arzneimittel-gesundheit"}]},{"@context":"https://schema.org","@type":"ItemList","itemListElement":[{"@type":"ListItem","position":1,"item":{"@type":"Product","@id":"https://www.docmorris.de/heumann-ibuprofen-schmerztabletten-400-mg-filmtabletten/07728561","name":"Heumann Ibuprofen Schmerztabletten 400 mg Filmtabletten 50 St","description":"Heumann Ibuprofen Schmerztabletten 400 mg Filmtabletten 50 St - 50 St günstig online bestellen in der DocMorris online Apotheke. Schnelle Lieferung ✓ Sichere Zahlung ✓","image":"https://statics.docmorris.de/static/produkte/FX5CCQ6V/docmorris/ps300/heumann-ibuprofen-schmerztabletten-400-mg-filmtabl-07728561-0-1716367448458830.jpeg","url":"https://www.docmorris.de/heumann-ibuprofen-schmerztabletten-400-mg-filmtabletten/07728561","brand":{"@type":"Brand","name":"Heumann"},"aggregateRating":{"@type":"AggregateRating","ratingValue":4.83,"bestRating":"5","worstRating":"1","ratingCount":699},"offers":{"@type":"Offer","priceCurrency":"EUR","price":3.69,"availability":"https://schema.org/InStock","seller":{"@type":"Organization","name":"Apotal"},"priceSpecification":[{"@type":"UnitPriceSpecification","priceType":"https://schema.org/StrikethroughPrice","price":11.84,"priceCurrency":"EUR"}],"priceValidUntil":"9999-12-31T22:59:59+0000"}}},{"@type":"ListItem","position":2,"item":{"@type":"Product","@id":"https://www.docmorris.de/bepanthen-augen-und-nasensalbe/01578675","name":"Bepanthen Augen- und Nasensalbe 10 g","description":"Bepanthen Augen- und Nasensalbe 10 g - 10 g günstig online bestellen in der DocMorris online Apotheke. Schnelle Lieferung ✓ Sichere Zahlung ✓","image":"https://statics.docmorris.de/static/produkte/FX5UP9SI/docmorris/ps300/bepanthen-augen-und-nasensalbe-10-g-01578675-0-1713969348924170.jpeg","url":"https://www.docmorris.de/bepanthen-augen-und-nasensalbe/01578675","brand":{"@type":"Brand","name":"Bepanthen"},"aggregateRating":{"@type":"AggregateRating","ratingValue":4.81,"bestRating":"5","worstRating":"1","ratingCount":1878},"offers":{"@type":"Offer","priceCurrency":"EUR","price":5.99,"availability":"https://schema.org/InStock","seller":{"@type":"Organization","name":"DocMorris Apotheke"},"priceSpecification":[{"@type":"UnitPriceSpecification","priceType":"https://schema.org/StrikethroughPrice","price":8.48,"priceCurrency":"EUR"}],"priceValidUntil":"9999-12-31T22:59:59+0000"}}},{"@type":"ListItem","position":3,"item":{"@type":"Product","@id":"https://www.docmorris.de/ibu-ratiopharm-400-mg-akut-schmerztabletten/10019621","name":"IBU ratiopharm 400 mg akut Schmerztabletten 50 St","description":"IBU ratiopharm 400 mg akut Schmerztabletten 50 St - 50 St günstig online bestellen in der DocMorris online Apotheke. Schnelle Lieferung ✓ Sichere Zahlung ✓","image":"https://statics.docmorris.de/static/produkte/FX54TUWF/docmorris/ps300/ibu-ratiopharm-400-mg-akut-schmerztabletten-50-st-10019621-0-1714035617107707.jpeg","url":"https://www.docmorris.de/ibu-ratiopharm-400-mg-akut-schmerztabletten/10019621","brand":{"@type":"Brand","name":"Ratiopharm"},"aggregateRating":{"@type":"AggregateRating","ratingValue":4.79,"bestRating":"5","worstRating":"1","ratingCount":791},"offers":{"@type":"Offer","priceCurrency":"EUR","price":5.89,"availability":"https://schema.org/InStock","seller":{"@type":"Organization","name":"DocMorris Apotheke"},"priceSpecification":[{"@type":"UnitPriceSpecification","priceType":"https://schema.org/StrikethroughPrice","price":13.45,"priceCurrency":"EUR"}],"priceValidUntil":"9999-12-31T22:59:59+0000"}}},{"@type":"ListItem","position":4,"item":{"@type":"Product","@id":"https://www.docmorris.de/sinupret-extract/09285547","name":"Sinupret eXtract 40 St","description":"Sinupret eXtract 40 St - 40 St günstig online bestellen in der DocMorris online Apotheke. Schnelle Lieferung ✓ Sichere Zahlung ✓","image":"https://statics.docmorris.de/static/produkte/FX5AZGC8/docmorris/ps300/sinupret-extract-40-st-09285547-0-1757401418696013.png","url":"https://www.docmorris.de/sinupret-extract/09285547","brand":{"@type":"Brand","name":"Sinupret"},"aggregateRating":{"@type":"AggregateRating","ratingValue":4.68,"bestRating":"5","worstRating":"1","ratingCount":543},"offers":{"@type":"Offer","priceCurrency":"EUR","price":22.79,"availability":"https://schema.org/InStock","seller":{"@type":"Organization","name":"DocMorris Apotheke"},"priceSpecification":[{"@type":"UnitPriceSpecification","priceType":"https://schema.org/StrikethroughPrice","price":29.99,"priceCurrency":"EUR"}],"priceValidUntil":"9999-12-31T22:59:59+0000"}}},{"@type":"ListItem","position":5,"item":{"@type":"Product","@id":"https://www.docmorris.de/grippostad-c-hartkapseln/00571748","name":"Grippostad C Hartkapseln 24 St","description":"Grippostad C Hartkapseln 24 St - 24 St günstig online bestellen in der DocMorris online Apotheke. Schnelle Lieferung ✓ Sichere Zahlung ✓","image":"https://statics.docmorris.de/static/produkte/FX5WQKPB/docmorris/ps300/grippostad-c-hartkapseln-24-st-00571748-0-1713967319626705.jpeg","url":"https://www.docmorris.de/grippostad-c-hartkapseln/00571748","brand":{"@type":"Brand","name":"Grippostad"},"aggregateRating":{"@type":"AggregateRating","ratingValue":4.69,"bestRating":"5","worstRating":"1","ratingCount":1336},"offers":{"@type":"Offer","priceCurrency":"EUR","price":9.99,"availability":"https://schema.org/InStock","seller":{"@type":"Organization","name":"DocMorris Apotheke"},"priceSpecification":[{"@type":"UnitPriceSpecification","priceType":"https://schema.org/StrikethroughPrice","price":16.99,"priceCurrency":"EUR"}],"priceValidUntil":"9999-12-31T22:59:59+0000"}}},{"@type":"ListItem","position":6,"item":{"@type":"Product","@id":"https://www.docmorris.de/voltaren-schmerzgel-forte-232-mgg/11240397","name":"Voltaren Schmerzgel forte 23,2 mg/g 180 g","description":"Voltaren Schmerzgel forte 23,2 mg/g 180 g - 180 g günstig online bestellen in der DocMorris online Apotheke. Schnelle Lieferung ✓ Sichere Zahlung ✓","image":"https://statics.docmorris.de/static/produkte/FX5U2BBF/docmorris/ps300/voltaren-schmerzgel-forte-23-2-mg-g-180-g-11240397-0-1740513661383403.jpg","url":"https://www.docmorris.de/voltaren-schmerzgel-forte-232-mgg/11240397","brand":{"@type":"Brand","name":"Voltaren"},"aggregateRating":{"@type":"AggregateRating","ratingValue":4.71,"bestRating":"5","worstRating":"1","ratingCount":2003},"offers":{"@type":"Offer","priceCurrency":"EUR","price":24.99,"availability":"https://schema.org/InStock","seller":{"@type":"Organization","name":"DocMorris Apotheke"},"priceSpecification":[{"@type":"UnitPriceSpecification","priceType":"https://schema.org/StrikethroughPrice","price":34.9,"priceCurrency":"EUR"}],"priceValidUntil":"9999-12-31T22:59:59+0000"}}},{"@type":"ListItem","position":7,"item":{"@type":"Product","@id":"https://www.docmorris.de/aspirin-complex-granulat/04114918","name":"Aspirin Complex Granulat 20 St","description":"Aspirin Complex Granulat 20 St - 20 St günstig online bestellen in der DocMorris online Apotheke. Schnelle Lieferung ✓ Sichere Zahlung ✓","image":"https://statics.docmorris.de/static/produkte/FX5ZNJV7/docmorris/ps300/aspirin-complex-granulat-20-st-04114918-0-1751313639227119.jpg","url":"https://www.docmorris.de/aspirin-complex-granulat/04114918","brand":{"@type":"Brand","name":"Aspirin"},"aggregateRating":{"@type":"AggregateRating","ratingValue":4.74,"bestRating":"5","worstRating":"1","ratingCount":1243},"offers":{"@type":"Offer","priceCurrency":"EUR","price":10.65,"availability":"https://schema.org/InStock","seller":{"@type":"Organization","name":"DocMorris Apotheke"},"priceSpecification":[{"@type":"UnitPriceSpecification","priceType":"https://schema.org/StrikethroughPrice","price":18.98,"priceCurrency":"EUR"}],"priceValidUntil":"9999-12-31T22:59:59+0000"}}},{"@type":"ListItem","position":8,"item":{"@type":"Product","@id":"https://www.docmorris.de/ass-1001-a-pharma-tah-tabletten/06312077","name":"ASS 100-1 A Pharma TAH Tabletten 100 St","description":"ASS 100-1 A Pharma TAH Tabletten 100 St - 100 St günstig online bestellen in der DocMorris online Apotheke. Schnelle Lieferung ✓ Sichere Zahlung ✓","image":"https://statics.docmorris.de/static/produkte/FX58U253/docmorris/ps300/ass-100-1-a-pharma-tah-tabletten-100-st-06312077-0-1765396821439280.jpg","url":"https://www.docmorris.de/ass-1001-a-pharma-tah-tabletten/06312077","brand":{"@type":"Brand","name":"1 A Pharma"},"aggregateRating":{"@type":"AggregateRating","ratingValue":4.76,"bestRating":"5","worstRating":"1","ratingCount":735},"offers":{"@type":"Offer","priceCurrency":"EUR","price":1.49,"availability":"https://schema.org/InStock","seller":{"@type":"Organization","name":"DocMorris Apotheke"},"priceSpecification":[{"@type":"UnitPriceSpecification","priceType":"https://schema.org/StrikethroughPrice","price":2.8,"priceCurrency":"EUR"}],"priceValidUntil":"9999-12-31T22:59:59+0000"}}},{"@type":"ListItem","position":9,"item":{"@type":"Product","@id":"https://www.docmorris.de/bepanthen-wund-und-heilsalbe/01578818","name":"Bepanthen Wund- und Heilsalbe 50 g","description":"Bepanthen Wund- und Heilsalbe 50 g - 50 g günstig online bestellen in der DocMorris online Apotheke. Schnelle Lieferung ✓ Sichere Zahlung ✓","image":"https://statics.docmorris.de/static/produkte/FX5JKDBT/docmorris/ps300/bepanthen-wund-und-heilsalbe-50-g-01578818-0-1713969353015936.jpeg","url":"https://www.docmorris.de/bepanthen-wund-und-heilsalbe/01578818","brand":{"@type":"Brand","name":"Bepanthen"},"aggregateRating":{"@type":"AggregateRating","ratingValue":4.85,"bestRating":"5","worstRating":"1","ratingCount":3544},"offers":{"@type":"Offer","priceCurrency":"EUR","price":9.29,"availability":"https://schema.org/InStock","seller":{"@type":"Organization","name":"DocMorris Apotheke"},"priceSpecification":[{"@type":"UnitPriceSpecification","priceType":"https://schema.org/StrikethroughPrice","price":12.89,"priceCurrency":"EUR"}],"priceValidUntil":"9999-12-31T22:59:59+0000"}}},{"@type":"ListItem","position":10,"item":{"@type":"Product","@id":"https://www.docmorris.de/nasenspray-al-01/03929274","name":"Nasenspray AL 0,1% 10 ml","description":"Nasenspray AL 0,1% 10 ml - 10 ml günstig online bestellen in der DocMorris online Apotheke. Schnelle Lieferung ✓ Sichere Zahlung ✓","image":"https://statics.docmorris.de/static/produkte/FX5ZLVI1/docmorris/ps300/nasenspray-al-0-1-10-ml-03929274-0-1756843238691033.jpg","url":"https://www.docmorris.de/nasenspray-al-01/03929274","brand":{"@type":"Brand","name":"Aliud Pharma"},"aggregateRating":{"@type":"AggregateRating","ratingValue":4.77,"bestRating":"5","worstRating":"1","ratingCount":592},"offers":{"@type":"Offer","priceCurrency":"EUR","price":2.99,"availability":"https://schema.org/InStock","seller":{"@type":"Organization","name":"DocMorris Apotheke"},"priceSpecification":[{"@type":"UnitPriceSpecification","priceType":"https://schema.org/StrikethroughPrice","price":4.97,"priceCurrency":"EUR"}],"priceValidUntil":"9999-12-31T22:59:59+0000"}}},{"@type":"ListItem","position":11,"item":{"@type":"Product","@id":"https://www.docmorris.de/iberogast-classic-fluessigkeit/16507534","name":"Iberogast Classic Flüssigkeit 20 ml","description":"Iberogast Classic Flüssigkeit 20 ml - 20 ml günstig online bestellen in der DocMorris online Apotheke. Schnelle Lieferung ✓ Sichere Zahlung ✓","image":"https://statics.docmorris.de/static/produkte/LGGX4C9U/docmorris/ps300/iberogast-classic-fluessigkeit-20-ml-16507534-0-1755547274773159.jpg","url":"https://www.docmorris.de/iberogast-classic-fluessigkeit/16507534","brand":{"@type":"Brand","name":"Iberogast"},"aggregateRating":{"@type":"AggregateRating","ratingValue":4.73,"bestRating":"5","worstRating":"1","ratingCount":1077},"offers":{"@type":"Offer","priceCurrency":"EUR","price":10.99,"availability":"https://schema.org/InStock","seller":{"@type":"Organization","name":"DocMorris Apotheke"},"priceSpecification":[{"@type":"UnitPriceSpecification","priceType":"https://schema.org/StrikethroughPrice","price":13.99,"priceCurrency":"EUR"}],"priceValidUntil":"9999-12-31T22:59:59+0000"}}},{"@type":"ListItem","position":12,"item":{"@type":"Product","@id":"https://www.docmorris.de/ketozolin-2-shampoo/02837759","name":"Ketozolin 2% Shampoo 120 ml","description":"Ketozolin 2% Shampoo 120 ml - 120 ml günstig online bestellen in der DocMorris online Apotheke. Schnelle Lieferung ✓ Sichere Zahlung ✓","image":"https://statics.docmorris.de/static/produkte/FX5QYBJ8/docmorris/ps300/ketozolin-2-shampoo-120-ml-02837759-0-1763711653558463.jpg","url":"https://www.docmorris.de/ketozolin-2-shampoo/02837759","brand":{"@type":"Brand","name":"Ketozolin"},"aggregateRating":{"@type":"AggregateRating","ratingValue":4.69,"bestRating":"5","worstRating":"1","ratingCount":229},"offers":{"@type":"Offer","priceCurrency":"EUR","price":14.89,"availability":"https://schema.org/InStock","seller":{"@type":"Organization","name":"DocMorris Apotheke"},"priceSpecification":[{"@type":"UnitPriceSpecification","priceType":"https://schema.org/StrikethroughPrice","price":19.9,"priceCurrency":"EUR"}],"priceValidUntil":"9999-12-31T22:59:59+0000"}}},{"@type":"ListItem","position":13,"item":{"@type":"Product","@id":"https://www.docmorris.de/ibu-400-akut/03045316","name":"Ibu 400 akut 50 St","description":"Ibu 400 akut 50 St - 50 St günstig online bestellen in der DocMorris online Apotheke. Schnelle Lieferung ✓ Sichere Zahlung ✓","image":"https://statics.docmorris.de/static/produkte/FX5Q2QLR/docmorris/ps300/ibu-400-akut-50-st-03045316-0-1745352026296987.jpg","url":"https://www.docmorris.de/ibu-400-akut/03045316","brand":{"@type":"Brand","name":"1 A Pharma"},"aggregateRating":{"@type":"AggregateRating","ratingValue":4.78,"bestRating":"5","worstRating":"1","ratingCount":482},"offers":{"@type":"Offer","priceCurrency":"EUR","price":5.59,"availability":"https://schema.org/InStock","seller":{"@type":"Organization","name":"DocMorris Apotheke"},"priceSpecification":[{"@type":"UnitPriceSpecification","priceType":"https://schema.org/StrikethroughPrice","price":10.42,"priceCurrency":"EUR"}],"priceValidUntil":"9999-12-31T22:59:59+0000"}}},{"@type":"ListItem","position":14,"item":{"@type":"Product","@id":"https://www.docmorris.de/wick-medinait-erkaeltungssirup/01689009","name":"WICK MediNait Erkältungssirup 180 ml","description":"WICK MediNait Erkältungssirup 180 ml - 180 ml günstig online bestellen in der DocMorris online Apotheke. Schnelle Lieferung ✓ Sichere Zahlung ✓","image":"https://statics.docmorris.de/static/produkte/FX5SSO76/docmorris/ps300/wick-medinait-erkaeltungssirup-180-ml-01689009-0-1741704562341794.jpeg","url":"https://www.docmorris.de/wick-medinait-erkaeltungssirup/01689009","brand":{"@type":"Brand","name":"WICK"},"aggregateRating":{"@type":"AggregateRating","ratingValue":4.76,"bestRating":"5","worstRating":"1","ratingCount":1202},"offers":{"@type":"Offer","priceCurrency":"EUR","price":16.99,"availability":"https://schema.org/InStock","seller":{"@type":"Organization","name":"DocMorris Apotheke"},"priceSpecification":[{"@type":"UnitPriceSpecification","priceType":"https://schema.org/StrikethroughPrice","price":25.49,"priceCurrency":"EUR"}],"priceValidUntil":"9999-12-31T22:59:59+0000"}}},{"@type":"ListItem","position":15,"item":{"@type":"Product","@id":"https://www.docmorris.de/magnesium-verla-n-dragees/04911945","name":"Magnesium Verla N Dragees 200 St","description":"Magnesium Verla N Dragees 200 St - 200 St günstig online bestellen in der DocMorris online Apotheke. Schnelle Lieferung ✓ Sichere Zahlung ✓","image":"https://statics.docmorris.de/static/produkte/FX5K73KW/docmorris/ps300/magnesium-verla-n-dragees-200-st-04911945-0-1714027178475510.jpeg","url":"https://www.docmorris.de/magnesium-verla-n-dragees/04911945","brand":{"@type":"Brand","name":"Verla"},"aggregateRating":{"@type":"AggregateRating","ratingValue":4.79,"bestRating":"5","worstRating":"1","ratingCount":903},"offers":{"@type":"Offer","priceCurrency":"EUR","price":13.99,"availability":"https://schema.org/InStock","seller":{"@type":"Organization","name":"DocMorris Apotheke"},"priceSpecification":[{"@type":"UnitPriceSpecification","priceType":"https://schema.org/StrikethroughPrice","price":18.99,"priceCurrency":"EUR"}],"priceValidUntil":"9999-12-31T22:59:59+0000"}}},{"@type":"ListItem","position":16,"item":{"@type":"Product","@id":"https://www.docmorris.de/elmex-gelee-zahngel-mit-fluorid/03120822","name":"Elmex Gelee Zahngel mit Fluorid 25 g","description":"Elmex Gelee Zahngel mit Fluorid 25 g - 25 g günstig online bestellen in der DocMorris online Apotheke. Schnelle Lieferung ✓ Sichere Zahlung ✓","image":"https://statics.docmorris.de/static/produkte/FX5LEOCV/docmorris/ps300/elmex-gelee-zahngel-mit-fluorid-25-g-03120822-0-1744270672852244.jpg","url":"https://www.docmorris.de/elmex-gelee-zahngel-mit-fluorid/03120822","brand":{"@type":"Brand","name":"elmex"},"aggregateRating":{"@type":"AggregateRating","ratingValue":4.53,"bestRating":"5","worstRating":"1","ratingCount":529},"offers":{"@type":"Offer","priceCurrency":"EUR","price":13.99,"availability":"https://schema.org/InStock","seller":{"@type":"Organization","name":"DocMorris Apotheke"},"priceSpecification":[{"@type":"UnitPriceSpecification","priceType":"https://schema.org/StrikethroughPrice","price":17.98,"priceCurrency":"EUR"}],"priceValidUntil":"9999-12-31T22:59:59+0000"}}},{"@type":"ListItem","position":17,"item":{"@type":"Product","@id":"https://www.docmorris.de/vigantol-1000-ie-vitamin-d3-tabletten/13155690","name":"VIGANTOL 1000 I.E. Vitamin D3 Tabletten 200 St","description":"VIGANTOL 1000 I.E. Vitamin D3 Tabletten 200 St - 200 St günstig online bestellen in der DocMorris online Apotheke. Schnelle Lieferung ✓ Sichere Zahlung ✓","image":"https://statics.docmorris.de/static/produkte/FX5AW3BS/docmorris/ps300/vigantol-1000-i-e-vitamin-d3-tabletten-200-st-13155690-0-1765529485920332.png","url":"https://www.docmorris.de/vigantol-1000-ie-vitamin-d3-tabletten/13155690","brand":{"@type":"Brand","name":"Vigantol"},"aggregateRating":{"@type":"AggregateRating","ratingValue":4.71,"bestRating":"5","worstRating":"1","ratingCount":375},"offers":{"@type":"Offer","priceCurrency":"EUR","price":12.99,"availability":"https://schema.org/InStock","seller":{"@type":"Organization","name":"DocMorris Apotheke"},"priceSpecification":[{"@type":"UnitPriceSpecification","priceType":"https://schema.org/StrikethroughPrice","price":17.47,"priceCurrency":"EUR"}],"priceValidUntil":"9999-12-31T22:59:59+0000"}}},{"@type":"ListItem","position":18,"item":{"@type":"Product","@id":"https://www.docmorris.de/ciclopoli-gegen-nagelpilz/08907142","name":"Ciclopoli gegen Nagelpilz 6,6 ml","description":"Ciclopoli gegen Nagelpilz 6,6 ml - 6,6 ml günstig online bestellen in der DocMorris online Apotheke. Schnelle Lieferung ✓ Sichere Zahlung ✓","image":"https://statics.docmorris.de/static/produkte/FX5PGI2E/docmorris/ps300/ciclopoli-gegen-nagelpilz-6-6-ml-08907142-0-1742462761884274.jpeg","url":"https://www.docmorris.de/ciclopoli-gegen-nagelpilz/08907142","brand":{"@type":"Brand","name":"Ciclopoli"},"aggregateRating":{"@type":"AggregateRating","ratingValue":4.19,"bestRating":"5","worstRating":"1","ratingCount":932},"offers":{"@type":"Offer","priceCurrency":"EUR","price":33.99,"availability":"https://schema.org/InStock","seller":{"@type":"Organization","name":"DocMorris Apotheke"},"priceSpecification":[{"@type":"UnitPriceSpecification","priceType":"https://schema.org/StrikethroughPrice","price":46.98,"priceCurrency":"EUR"}],"priceValidUntil":"9999-12-31T22:59:59+0000"}}},{"@type":"ListItem","position":19,"item":{"@type":"Product","@id":"https://www.docmorris.de/acc-akut-600-hustenloeser/00520917","name":"ACC akut 600 Hustenlöser 40 St","description":"ACC akut 600 Hustenlöser 40 St - 40 St günstig online bestellen in der DocMorris online Apotheke. Schnelle Lieferung ✓ Sichere Zahlung ✓","image":"https://statics.docmorris.de/static/produkte/FX500P77/docmorris/ps300/acc-akut-600-hustenloeser-40-st-00520917-0-1728465834819722.jpeg","url":"https://www.docmorris.de/acc-akut-600-hustenloeser/00520917","brand":{"@type":"Brand","name":"ACC"},"aggregateRating":{"@type":"AggregateRating","ratingValue":4.72,"bestRating":"5","worstRating":"1","ratingCount":1414},"offers":{"@type":"Offer","priceCurrency":"EUR","price":19.75,"availability":"https://schema.org/InStock","seller":{"@type":"Organization","name":"DocMorris Apotheke"},"priceSpecification":[{"@type":"UnitPriceSpecification","priceType":"https://schema.org/StrikethroughPrice","price":36.96,"priceCurrency":"EUR"}],"priceValidUntil":"9999-12-31T22:59:59+0000"}}},{"@type":"ListItem","position":20,"item":{"@type":"Product","@id":"https://www.docmorris.de/ibuhexal-akut-400/03161577","name":"IBUHEXAL AKUT 400 50 St","description":"IBUHEXAL AKUT 400 50 St - 50 St günstig online bestellen in der DocMorris online Apotheke. Schnelle Lieferung ✓ Sichere Zahlung ✓","image":"https://statics.docmorris.de/static/produkte/FX5JU02P/docmorris/ps300/ibuhexal-akut-400-50-st-03161577-0-1746216029287573.png","url":"https://www.docmorris.de/ibuhexal-akut-400/03161577","brand":{"@type":"Brand","name":"IbuHEXAL"},"aggregateRating":{"@type":"AggregateRating","ratingValue":4.74,"bestRating":"5","worstRating":"1","ratingCount":614},"offers":{"@type":"Offer","priceCurrency":"EUR","price":5.59,"availability":"https://schema.org/InStock","seller":{"@type":"Organization","name":"DocMorris Apotheke"},"priceSpecification":[{"@type":"UnitPriceSpecification","priceType":"https://schema.org/StrikethroughPrice","price":13.45,"priceCurrency":"EUR"}],"priceValidUntil":"9999-12-31T22:59:59+0000"}}},{"@type":"ListItem","position":21,"item":{"@type":"Product","@id":"https://www.docmorris.de/imodium-akut-lingual-schmelztabletten-bei-akutem-durchfall/01689854","name":"Imodium akut lingual Schmelztabletten bei akutem Durchfall 12 St","description":"Imodium akut lingual Schmelztabletten bei akutem Durchfall 12 St - 12 St günstig online bestellen in der DocMorris online Apotheke. Schnelle Lieferung ✓ Sichere Zahlung ✓","image":"https://statics.docmorris.de/static/produkte/FX5Q7GZG/docmorris/ps300/imodium-akut-lingual-schmelztabletten-bei-akutem-d-01689854-0-1743072907051231.jpeg","url":"https://www.docmorris.de/imodium-akut-lingual-schmelztabletten-bei-akutem-durchfall/01689854","brand":{"@type":"Brand","name":"Imodium"},"aggregateRating":{"@type":"AggregateRating","ratingValue":4.79,"bestRating":"5","worstRating":"1","ratingCount":501},"offers":{"@type":"Offer","priceCurrency":"EUR","price":10.99,"availability":"https://schema.org/InStock","seller":{"@type":"Organization","name":"DocMorris Apotheke"},"priceSpecification":[{"@type":"UnitPriceSpecification","priceType":"https://schema.org/StrikethroughPrice","price":15.29,"priceCurrency":"EUR"}],"priceValidUntil":"9999-12-31T22:59:59+0000"}}},{"@type":"ListItem","position":22,"item":{"@type":"Product","@id":"https://www.docmorris.de/gelomyrtol-forte/01479157","name":"GeloMyrtol forte 20 St","description":"GeloMyrtol forte 20 St - 20 St günstig online bestellen in der DocMorris online Apotheke. Schnelle Lieferung ✓ Sichere Zahlung ✓","image":"https://statics.docmorris.de/static/produkte/FX5NKR8W/docmorris/ps300/gelomyrtol-forte-20-st-01479157-0-1727121612620493.jpg","url":"https://www.docmorris.de/gelomyrtol-forte/01479157","brand":{"@type":"Brand","name":"GeloMyrtol"},"aggregateRating":{"@type":"AggregateRating","ratingValue":4.73,"bestRating":"5","worstRating":"1","ratingCount":1191},"offers":{"@type":"Offer","priceCurrency":"EUR","price":10.99,"availability":"https://schema.org/InStock","seller":{"@type":"Organization","name":"DocMorris Apotheke"},"priceSpecification":[{"@type":"UnitPriceSpecification","priceType":"https://schema.org/StrikethroughPrice","price":15.2,"priceCurrency":"EUR"}],"priceValidUntil":"9999-12-31T22:59:59+0000"}}},{"@type":"ListItem","position":23,"item":{"@type":"Product","@id":"https://www.docmorris.de/minoxidil-doppelherzpharma-50-mgml-loesung/17268563","name":"MINOXIDIL DoppelherzPharma 50 mg/ml Lösung 3X60 ml","description":"MINOXIDIL DoppelherzPharma 50 mg/ml Lösung 3X60 ml - 3X60 ml günstig online bestellen in der DocMorris online Apotheke. Schnelle Lieferung ✓ Sichere Zahlung ✓","image":"https://statics.docmorris.de/static/produkte/LG0TAW3U/docmorris/ps300/minoxidil-doppelherzpharma-50-mg-ml-loesung-180-ml-17268563-0-1741809633275951.png","url":"https://www.docmorris.de/minoxidil-doppelherzpharma-50-mgml-loesung/17268563","brand":{"@type":"Brand","name":"Doppelherz"},"aggregateRating":{"@type":"AggregateRating","ratingValue":3.79,"bestRating":"5","worstRating":"1","ratingCount":14},"offers":{"@type":"Offer","priceCurrency":"EUR","price":35.99,"availability":"https://schema.org/InStock","seller":{"@type":"Organization","name":"DocMorris Apotheke"},"priceSpecification":[{"@type":"UnitPriceSpecification","priceType":"https://schema.org/StrikethroughPrice","price":46.96,"priceCurrency":"EUR"}],"priceValidUntil":"9999-12-31T22:59:59+0000"}}},{"@type":"ListItem","position":24,"item":{"@type":"Product","@id":"https://www.docmorris.de/paracetamol-al-500/06718342","name":"Paracetamol AL 500 20 St","description":"Paracetamol AL 500 20 St - 20 St günstig online bestellen in der DocMorris online Apotheke. Schnelle Lieferung ✓ Sichere Zahlung ✓","image":"https://statics.docmorris.de/static/produkte/FX566QTS/docmorris/ps300/paracetamol-al-500-20-st-06718342-0-1755892847120961.jpg","url":"https://www.docmorris.de/paracetamol-al-500/06718342","brand":{"@type":"Brand","name":"Aliud Pharma"},"aggregateRating":{"@type":"AggregateRating","ratingValue":4.73,"bestRating":"5","worstRating":"1","ratingCount":255},"offers":{"@type":"Offer","priceCurrency":"EUR","price":1.19,"availability":"https://schema.org/InStock","seller":{"@type":"Organization","name":"DocMorris Apotheke"},"priceSpecification":[{"@type":"UnitPriceSpecification","priceType":"https://schema.org/StrikethroughPrice","price":2.15,"priceCurrency":"EUR"}],"priceValidUntil":"9999-12-31T22:59:59+0000"}}},{"@type":"ListItem","position":25,"item":{"@type":"Product","@id":"https://www.docmorris.de/nasenspray-ratiopharm-kinder-konservierungsmittelfrei/00999854","name":"Nasenspray ratiopharm Kinder konservierungsmittelfrei 10 ml","description":"Nasenspray ratiopharm Kinder konservierungsmittelfrei 10 ml - 10 ml günstig online bestellen in der DocMorris online Apotheke. Schnelle Lieferung ✓ Sichere Zahlung ✓","image":"https://statics.docmorris.de/static/produkte/FX5RXB9F/docmorris/ps300/nasenspray-ratiopharm-kinder-konservierungsmittelf-00999854-0-1713968231356329.jpeg","url":"https://www.docmorris.de/nasenspray-ratiopharm-kinder-konservierungsmittelfrei/00999854","brand":{"@type":"Brand","name":"Ratiopharm"},"aggregateRating":{"@type":"AggregateRating","ratingValue":4.83,"bestRating":"5","worstRating":"1","ratingCount":324},"offers":{"@type":"Offer","priceCurrency":"EUR","price":2.79,"availability":"https://schema.org/InStock","seller":{"@type":"Organization","name":"DocMorris Apotheke"},"priceSpecification":[{"@type":"UnitPriceSpecification","priceType":"https://schema.org/StrikethroughPrice","price":4.24,"priceCurrency":"EUR"}],"priceValidUntil":"9999-12-31T22:59:59+0000"}}},{"@type":"ListItem","position":26,"item":{"@type":"Product","@id":"https://www.docmorris.de/regaine-maenner-schaum-mit-minoxidil/09100275","name":"Regaine Männer Schaum mit Minoxidil 3X60 ml","description":"Regaine Männer Schaum mit Minoxidil 3X60 ml - 3X60 ml günstig online bestellen in der DocMorris online Apotheke. Schnelle Lieferung ✓ Sichere Zahlung ✓","image":"https://statics.docmorris.de/static/produkte/FX5M8VWS/docmorris/ps300/regaine-maenner-schaum-mit-minoxidil-3x60-ml-09100275-0-1757325595971855.jpg","url":"https://www.docmorris.de/regaine-maenner-schaum-mit-minoxidil/09100275","brand":{"@type":"Brand","name":"Regaine"},"aggregateRating":{"@type":"AggregateRating","ratingValue":4.43,"bestRating":"5","worstRating":"1","ratingCount":191},"offers":{"@type":"Offer","priceCurrency":"EUR","price":61.49,"availability":"https://schema.org/InStock","seller":{"@type":"Organization","name":"DocMorris Apotheke"},"priceSpecification":[{"@type":"UnitPriceSpecification","priceType":"https://schema.org/StrikethroughPrice","price":81.98,"priceCurrency":"EUR"}],"priceValidUntil":"9999-12-31T22:59:59+0000"}}},{"@type":"ListItem","position":27,"item":{"@type":"Product","@id":"https://www.docmorris.de/vomex-a-dragees/04274616","name":"Vomex A Dragees 20 St","description":"Vomex A Dragees 20 St - 20 St günstig online bestellen in der DocMorris online Apotheke. Schnelle Lieferung ✓ Sichere Zahlung ✓","image":"https://statics.docmorris.de/static/produkte/FX58TLEU/docmorris/ps300/vomex-a-dragees-20-st-04274616-0-1721678426138338.jpg","url":"https://www.docmorris.de/vomex-a-dragees/04274616","brand":{"@type":"Brand","name":"Vomex A"},"aggregateRating":{"@type":"AggregateRating","ratingValue":4.68,"bestRating":"5","worstRating":"1","ratingCount":216},"offers":{"@type":"Offer","priceCurrency":"EUR","price":6.79,"availability":"https://schema.org/InStock","seller":{"@type":"Organization","name":"DocMorris Apotheke"},"priceSpecification":[{"@type":"UnitPriceSpecification","priceType":"https://schema.org/StrikethroughPrice","price":9.34,"priceCurrency":"EUR"}],"priceValidUntil":"9999-12-31T22:59:59+0000"}}},{"@type":"ListItem","position":28,"item":{"@type":"Product","@id":"https://www.docmorris.de/ibu-lysin-ratiopharm-400-mg-mit-ibuprofen/16197884","name":"IBU LYSIN ratiopharm 400 mg mit Ibuprofen 50 St","description":"IBU LYSIN ratiopharm 400 mg mit Ibuprofen 50 St - 50 St günstig online bestellen in der DocMorris online Apotheke. Schnelle Lieferung ✓ Sichere Zahlung ✓","image":"https://statics.docmorris.de/static/produkte/FX5E7EPM/docmorris/ps300/ibu-lysin-ratiopharm-400-mg-mit-ibuprofen-50-st-16197884-0-1729601498227971.jpeg","url":"https://www.docmorris.de/ibu-lysin-ratiopharm-400-mg-mit-ibuprofen/16197884","brand":{"@type":"Brand","name":"Ratiopharm"},"aggregateRating":{"@type":"AggregateRating","ratingValue":4.82,"bestRating":"5","worstRating":"1","ratingCount":259},"offers":{"@type":"Offer","priceCurrency":"EUR","price":10.89,"availability":"https://schema.org/InStock","seller":{"@type":"Organization","name":"DocMorris Apotheke"},"priceSpecification":[{"@type":"UnitPriceSpecification","priceType":"https://schema.org/StrikethroughPrice","price":21.8,"priceCurrency":"EUR"}],"priceValidUntil":"9999-12-31T22:59:59+0000"}}}]}]</script><div role="banner" data-testid="header" class="h-[6.5rem] md:h-[9.75rem] mb-8 sm:mb-8"><div class="fixed z-[100] w-full"><section class="bg-brand-500 hidden h-[1.875rem] w-full text-xs md:block"></section><section class="relative z-30 overflow-visible bg-neutral-100 py-2 transition-all duration-[300ms] ease-in-out h-full"><div data-testid="" class="mx-auto px-3 my-0 py-0 max-w-[1280px] md:px-10 legacy:px-[10px] tablet:flex-nowrap flex-wrap content-end justify-between sm:pb-0 flex h-full"><div class="tablet:block tablet:w-[13.75rem] order-1 hidden w-[50%] self-center"><a href="/"><picture><img class="tablet:w-[11rem] flex h-10 w-[10rem] items-center lg:w-[13.75rem]" data-testid="full-logo" src="/assets/svg/logo.svg" alt="docmorris"/></picture></a></div><div class="tablet:hidden order-1 block w-[40%] flex-none self-center"><a href="/"><picture><img class="tablet:w-[11rem] flex h-10 w-[10rem] items-center lg:w-[13.75rem]" data-testid="full-logo" src="/assets/svg/logo.svg" alt="docmorris"/></picture></a></div><div class="tablet:order-2 tablet:flex-1 order-3 w-full self-center lg:px-[4.125rem!important] [@media(min-width:768px)]:px-4"><div role="combobox" aria-expanded="false" aria-haspopup="listbox" aria-labelledby="main-search-bar-algolia-label" class="relative w-full"><form action="/search" novalidate="" role="search" data-testid="autocomplete-search-form" class="flex h-[3.25rem] overflow-hidden rounded-lg border border-neutral-400 bg-white px-4 sm:h-10"><label class="sr-only" for="main-search-bar-algolia-input" id="main-search-bar-algolia-label">Suchen</label><input data-testid="autocomplete-search-form-input" aria-autocomplete="both" aria-labelledby="main-search-bar-algolia-label" id="main-search-bar-algolia-input" autoComplete="off" autoCorrect="off" autoCapitalize="off" enterKeyHint="search" spellcheck="false" placeholder="Nach Begriff, Medikament oder PZN suchen" maxLength="512" type="text" name="query" class="grow text-sm font-normal placeholder-neutral-700 focus:outline-none" value=""/><div class="flex items-center text-neutral-700"><svg viewBox="0 0 24 24" fill="none" xmlns="http://www.w3.org/2000/svg" stroke="currentColor" stroke-width="2" stroke-linecap="round" stroke-linejoin="round" class="font-netral-700" aria-label="Suchen" style="height:2rem;width:2rem" role="img"><path d="M20.0033 20.0034L16.0517 16.0517M18.1205 11.0586C18.1205 14.9588 14.9588 18.1206 11.0586 18.1206C7.15838 18.1206 3.99664 14.9588 3.99664 11.0586C3.99664 7.15844 7.15838 3.9967 11.0586 3.9967C14.9588 3.9967 18.1205 7.15844 18.1205 11.0586Z"></path></svg></div></form></div></div><div class="order-2 lg:order-3"><div class="tablet:mr-0 tablet:justify-end flex max-w-[15.875rem] flex-auto items-center justify-end gap-0"><a data-testid="erx-link" title="E‑Rezept" class="relative flex h-full w-[4.125rem] flex-col items-center justify-center sm:w-[3.125rem] md:w-[4.625rem]" href="/rezepte/egk-elektronische-gesundheitskarte"><svg viewBox="0 0 24 24" fill="none" xmlns="http://www.w3.org/2000/svg" stroke="currentColor" stroke-width="1.5" stroke-linecap="round" stroke-linejoin="round" class="h-6 w-6 stroke-[0.094rem] md:h-8 md:w-8 md:stroke-[0.063rem]" aria-label="prescription" role="img"><path fill-rule="evenodd" clip-rule="evenodd" d="M23 15.2C23 14.7582 22.6418 14.4 22.2 14.4H20.6V12.8C20.6 12.3582 20.2418 12 19.8 12H18.2C17.7582 12 17.4 12.3582 17.4 12.8V14.4H15.8C15.3582 14.4 15 14.7582 15 15.2V16.8C15 17.2418 15.3582 17.6 15.8 17.6H17.4V19.2C17.4 19.6418 17.7582 20 18.2 20H19.8C20.2418 20 20.6 19.6418 20.6 19.2V17.6H22.2C22.6418 17.6 23 17.2418 23 16.8V15.2Z"></path><path d="M4.99998 7.5H17"></path><path d="M4.99998 11.5H12"></path><path d="M4.99998 15.5H6.99998"></path><path d="M23 9V6C23 4.34315 21.6569 3 20 3H4.00002C2.34316 3 1.00002 4.34315 1.00002 6V17C1.00002 18.6569 2.34316 20 4.00002 20H11.8462"></path></svg><span class="hidden text-xs md:block">E‑Rezept</span></a><div class="group relative flex h-[3.875rem] w-[4.125rem] flex-col items-center justify-center sm:w-[3.125rem] md:mx-2 md:w-[3.625rem]"><button aria-expanded="false" aria-controls="my-docmorris-flyout" type="button" title="Mein Konto" data-testid="my-docmorris-button"><div class="tablet:group-hover:shadow-card z-10 flex flex-col items-center rounded-t-lg group-hover:bg-neutral-100 md:mx-2 md:w-[3.625rem]"><svg viewBox="0 0 24 24" fill="none" xmlns="http://www.w3.org/2000/svg" stroke="currentColor" stroke-width="1.5" stroke-linecap="round" stroke-linejoin="round" class="h-6 w-6 stroke-[0.094rem] md:h-8 md:w-8 md:stroke-[0.063rem]" aria-label="account" role="img"><path d="M17.707 18.958C16.272 17.447 14.248 16.5 12 16.5C9.752 16.5 7.728 17.447 6.293 18.959M18.364 5.63604C21.8787 9.15076 21.8787 14.8492 18.364 18.3639C14.8493 21.8787 9.1508 21.8787 5.6361 18.3639C2.12138 14.8492 2.12138 9.15074 5.6361 5.63604C9.15082 2.12132 14.8493 2.12132 18.364 5.63604ZM13.9891 8.32391C15.0876 9.42245 15.0876 11.2035 13.9891 12.3021C12.8906 13.4006 11.1095 13.4006 10.0109 12.3021C8.91238 11.2035 8.91238 9.42245 10.0109 8.32391C11.1095 7.22537 12.8906 7.22537 13.9891 8.32391Z"></path></svg><span data-testid="account-label" class="hidden text-xs md:block">Konto</span></div></button><div data-testid="navigation-modal" class="absolute right-0 top-[63px]"><div class="h-96 bg-neutral-100 w-80 px-5 pt-4 hidden rounded-b-lg rounded-tl-lg tablet:group-hover:block shadow-card max-h-[calc(97vh-107px)] overflow-y-auto" data-testid="navigation-skeleton"></div></div></div><a data-testid="cart-link" title="Warenkorb" class="relative flex h-full w-[4.125rem] flex-col items-center justify-center sm:w-[3.125rem] md:w-[4.625rem]" href="/purchase"><svg viewBox="0 0 24 24" fill="none" xmlns="http://www.w3.org/2000/svg" stroke="currentColor" stroke-width="1.5" stroke-linecap="round" stroke-linejoin="round" class="relative h-6 w-6 overflow-visible stroke-[0.094rem] md:h-8 md:w-8 md:stroke-[0.063rem]" aria-label="cart" role="img"><path d="M5.96899 6.625L5.30199 3.625H3.37299M5.96899 6.625L7.73099 14.835C7.82999 15.296 8.23699 15.625 8.70799 15.625H17.125C17.597 15.625 18.004 15.296 18.103 14.835L19.605 7.835C19.738 7.212 19.264 6.625 18.627 6.625H5.96899Z"></path><path d="M17.465 19.25C17.258 19.25 17.09 19.418 17.092 19.625C17.092 19.832 17.26 20 17.467 20C17.674 20 17.842 19.832 17.842 19.625C17.841 19.418 17.673 19.25 17.465 19.25"></path><path d="M8.85599 19.25C8.64899 19.25 8.48099 19.418 8.48299 19.625C8.48199 19.832 8.64999 20 8.85699 20C9.06399 20 9.23199 19.832 9.23199 19.625C9.23199 19.418 9.06399 19.25 8.85599 19.25"></path></svg><span class="hidden text-xs md:block">Warenkorb</span></a><button aria-labelledby="menu-burger-label" class="tablet:hidden flex h-[3.875rem] w-[4.125rem] flex-col items-center justify-center sm:w-[3.125rem] md:hidden"><svg viewBox="0 0 24 24" fill="none" xmlns="http://www.w3.org/2000/svg" stroke="currentColor" stroke-width="1.5" stroke-linecap="round" stroke-linejoin="round" class="h-6 w-6 stroke-[0.094rem] md:stroke-[0.063rem]" aria-label="menu-burger" role="img"><path d="M5.49765 12H18.5027M5.49765 16.0017H18.5027M5.49731 7.99835H18.5024"></path></svg><span id="menu-burger-label" class="hidden text-xs md:block">Menü</span></button><div id="mobile-navigation-modal" data-testid="modal" class="z-modal fixed top-0 h-full w-[18.75rem] items-center justify-end bg-transparent left-0 hidden" role="none" aria-modal="true" tabindex="-1" aria-label="Hauptnavigation"><div data-testid="modal-container" class="z-modal bg-brand-500 container absolute flex h-full w-[18.75rem] overflow-visible p-0 shadow-[0_2rem_4rem_0_rgba(var(--color-neutral-700),0.6)] outline-[0.188rem] outline-offset-[-0.188rem] outline-transparent animate-slide_out_from_left"><div role="navigation" class="flex flex-col overflow-auto text-sm leading-7 text-white MobileNav_mobileNav__lx_4i"><div class=""><ul><li><a class="flex items-center py-[0.5rem] pl-[1.6rem] pr-[0.7rem] text-white hover:text-white focus:text-white" href="/arzneimittel-gesundheit#"><div><span class="whitespace-break-spaces break-words text-left">Kategorien</span></div><svg xmlns="http://www.w3.org/2000/svg" viewBox="0 0 24 24" class="h-3 w-6" aria-label="button-right" role="img"><path fill="none" stroke="currentColor" stroke-linecap="round" stroke-linejoin="round" stroke-width="1.5" d="m7.51 3 8.99 9.03-9 8.97"></path></svg></a></li><li><a class="flex items-center py-[0.5rem] pl-[1.6rem] pr-[0.7rem] text-white hover:text-white focus:text-white" href="/arzneimittel-gesundheit#"><div><span class="whitespace-break-spaces break-words text-left">Angebote</span></div><svg xmlns="http://www.w3.org/2000/svg" viewBox="0 0 24 24" class="h-3 w-6" aria-label="button-right" role="img"><path fill="none" stroke="currentColor" stroke-linecap="round" stroke-linejoin="round" stroke-width="1.5" d="m7.51 3 8.99 9.03-9 8.97"></path></svg></a></li><li><a class="flex items-center py-[0.5rem] pl-[1.6rem] pr-[0.7rem] text-white hover:text-white focus:text-white" href="/arzneimittel-gesundheit#"><div><span class="whitespace-break-spaces break-words text-left">Medikamente</span></div><svg xmlns="http://www.w3.org/2000/svg" viewBox="0 0 24 24" class="h-3 w-6" aria-label="button-right" role="img"><path fill="none" stroke="currentColor" stroke-linecap="round" stroke-linejoin="round" stroke-width="1.5" d="m7.51 3 8.99 9.03-9 8.97"></path></svg></a></li><li><a class="flex items-center py-[0.5rem] pl-[1.6rem] pr-[0.7rem] text-white hover:text-white focus:text-white" href="/arzneimittel-gesundheit#"><div><span class="whitespace-break-spaces break-words text-left">Beauty &amp; Pflege</span></div><svg xmlns="http://www.w3.org/2000/svg" viewBox="0 0 24 24" class="h-3 w-6" aria-label="button-right" role="img"><path fill="none" stroke="currentColor" stroke-linecap="round" stroke-linejoin="round" stroke-width="1.5" d="m7.51 3 8.99 9.03-9 8.97"></path></svg></a></li><li><a class="flex items-center py-[0.5rem] pl-[1.6rem] pr-[0.7rem] text-white hover:text-white focus:text-white" href="/arzneimittel-gesundheit#"><div><span class="whitespace-break-spaces break-words text-left">Ernährung</span></div><svg xmlns="http://www.w3.org/2000/svg" viewBox="0 0 24 24" class="h-3 w-6" aria-label="button-right" role="img"><path fill="none" stroke="currentColor" stroke-linecap="round" stroke-linejoin="round" stroke-width="1.5" d="m7.51 3 8.99 9.03-9 8.97"></path></svg></a></li><li><a class="flex items-center py-[0.5rem] pl-[1.6rem] pr-[0.7rem] text-white hover:text-white focus:text-white" href="/online-arzt"><div><span class="whitespace-break-spaces break-words text-left">Online Arzt</span></div></a></li><li><a class="flex items-center py-[0.5rem] pl-[1.6rem] pr-[0.7rem] text-white hover:text-white focus:text-white" href="/arzneimittel-gesundheit#"><div><span class="whitespace-break-spaces break-words text-left">Ratgeber</span></div><svg xmlns="http://www.w3.org/2000/svg" viewBox="0 0 24 24" class="h-3 w-6" aria-label="button-right" role="img"><path fill="none" stroke="currentColor" stroke-linecap="round" stroke-linejoin="round" stroke-width="1.5" d="m7.51 3 8.99 9.03-9 8.97"></path></svg></a></li><li><a class="flex items-center py-[0.5rem] pl-[1.6rem] pr-[0.7rem] text-white hover:text-white focus:text-white" href="/arzneimittel-gesundheit#"><div><span class="whitespace-break-spaces break-words text-left">Rezept einlösen</span></div><svg xmlns="http://www.w3.org/2000/svg" viewBox="0 0 24 24" class="h-3 w-6" aria-label="button-right" role="img"><path fill="none" stroke="currentColor" stroke-linecap="round" stroke-linejoin="round" stroke-width="1.5" d="m7.51 3 8.99 9.03-9 8.97"></path></svg></a></li><li><a class="flex py-[0.5rem] pl-[1.6rem] pr-[0.7rem] text-white hover:text-white focus:text-white" href="/anmelden">Anmelden</a></li></ul></div><div data-testid="sub-navigation" role="menu" aria-hidden="true" class="absolute left-0 h-full w-[18.75rem] flex-col overflow-auto whitespace-nowrap text-ellipsis bg-brand-500 text-white hidden"><ul></ul></div><div data-testid="sub-navigation" role="menu" aria-hidden="true" class="absolute left-0 h-full w-[18.75rem] flex-col overflow-auto whitespace-nowrap text-ellipsis bg-brand-500 text-white hidden"><ul></ul></div><div data-testid="sub-navigation" role="menu" aria-hidden="true" class="absolute left-0 h-full w-[18.75rem] flex-col overflow-auto whitespace-nowrap text-ellipsis bg-brand-500 text-white hidden"><ul></ul></div><div data-testid="sub-navigation" role="menu" aria-hidden="true" class="absolute left-0 h-full w-[18.75rem] flex-col overflow-auto whitespace-nowrap text-ellipsis bg-brand-500 text-white hidden"><ul></ul></div><div data-testid="sub-navigation" role="menu" aria-hidden="true" class="absolute left-0 h-full w-[18.75rem] flex-col overflow-auto whitespace-nowrap text-ellipsis bg-brand-500 text-white hidden"><ul></ul></div><div data-testid="sub-navigation" role="menu" aria-hidden="true" class="absolute left-0 h-full w-[18.75rem] flex-col overflow-auto whitespace-nowrap text-ellipsis bg-brand-500 text-white hidden"><ul></ul></div><div data-testid="sub-navigation" role="menu" aria-hidden="true" class="absolute left-0 h-full w-[18.75rem] flex-col overflow-auto whitespace-nowrap text-ellipsis bg-brand-500 text-white hidden"><ul></ul></div><div data-testid="sub-navigation" role="menu" aria-hidden="true" class="absolute left-0 h-full w-[18.75rem] flex-col overflow-auto whitespace-nowrap text-ellipsis bg-brand-500 text-white hidden"><ul></ul></div><table class="my-auto mb-[0.5em] ml-[1.6em] mr-[0.7em]" role="presentation"><tbody><tr><td class="px-0 pb-4 pr-4 text-left text-sm leading leading-5"><svg viewBox="0 0 24 24" fill="none" xmlns="http://www.w3.org/2000/svg" stroke="currentColor" stroke-width="1.5" stroke-linecap="round" stroke-linejoin="round" aria-hidden="true" focusable="false" style="height:1.5rem;width:1.5rem" aria-label="phone" role="img"><path fill-rule="evenodd" clip-rule="evenodd" d="M10.856 13.144C9.68599 11.974 8.80399 10.664 8.21799 9.33499C8.09399 9.05399 8.16699 8.72499 8.38399 8.50799L9.20299 7.68999C9.87399 7.01899 9.87399 6.06999 9.28799 5.48399L8.11399 4.30999C7.33299 3.52899 6.06699 3.52899 5.28599 4.30999L4.63399 4.96199C3.89299 5.70299 3.58399 6.77199 3.78399 7.83199C4.27799 10.445 5.79599 13.306 8.24499 15.755C10.694 18.204 13.555 19.722 16.168 20.216C17.228 20.416 18.297 20.107 19.038 19.366L19.689 18.715C20.47 17.934 20.47 16.668 19.689 15.887L18.516 14.714C17.93 14.128 16.98 14.128 16.395 14.714L15.492 15.618C15.275 15.835 14.946 15.908 14.665 15.784C13.336 15.197 12.026 14.314 10.856 13.144Z"></path></svg></td><td class="px-0 pb-4 pr-4 text-left text-sm leading leading-5"><div class="p-0">0800 480 8000</div><div>Kostenlose Hotline</div><div>Mo. - Fr. 8 Uhr bis 20 Uhr</div><div>Sa. 9 Uhr bis 13 Uhr</div></td></tr><tr><td class="px-0 pb-4 pr-4 text-left text-sm leading leading-5"><svg viewBox="0 0 24 24" fill="none" xmlns="http://www.w3.org/2000/svg" stroke="currentColor" stroke-width="1.5" stroke-linecap="round" stroke-linejoin="round" aria-hidden="true" focusable="false" style="height:1.5rem;width:1.5rem" aria-label="email" role="img"><path fill-rule="evenodd" clip-rule="evenodd" d="M3 6.8V6.8C3 7.4 3.3 7.9 3.8 8.3L9.8 12.4C11.2 13.3 12.9 13.3 14.3 12.4L20.3 8.4C20.7 7.9 21 7.4 21 6.8V6.8C21 5.8 20.2 5 19.2 5H4.8C3.8 5 3 5.8 3 6.8Z"></path><path d="M3 7V17C3 18.1 3.9 19 5 19H19C20.1 19 21 18.1 21 17V7"></path><path d="M3.58801 18.412L9.68201 12.318"></path><path d="M14.36 12.36L20.412 18.412"></path></svg></td><td class="px-0 pb-4 pr-4 text-left text-sm leading leading-5"><a class="p-0 text-base leading-5 text-white hover:text-white focus:text-white" href="/kontaktformular">Kontaktformular</a></td></tr></tbody></table></div></div><span tabindex="0"></span><div class="animate-fade-in fixed bottom-0 left-0 right-0 top-0 z-10 opacity-10" aria-label="close" role="button" tabindex="0"></div></div></div></div></div></section><section class="non-italic bg-neutral-0 tablet:block relative hidden h-12 transform border-b border-neutral-300 text-sm font-normal leading-[.875] transition duration-300 ease-out" data-testid="navbar" aria-label="Hauptnavigation"><nav data-testid="" class="mx-auto px-3 my-0 py-0 max-w-[1280px] md:px-10 sm:pb-24 legacy:px-[10px] relative flex h-full"><ul role="menubar" class="m-0 flex list-none items-stretch gap-x-6 p-0"><li class="" role="none"><div class="flex h-full"><a tabindex="0" role="menuitem" aria-haspopup="menu" aria-expanded="false" aria-controls="flyout-column-kategorien" class="flex w-full items-center gap-x-1 border-b-2 border-transparent font-normal text-neutral-700 hover:border-neutral-700 hover:text-neutral-700" href="/lp/produkte">Kategorien</a></div></li><li class="" role="none"><div class="flex h-full"><a tabindex="0" role="menuitem" aria-haspopup="menu" aria-expanded="false" aria-controls="flyout-column-angebote" class="flex w-full items-center gap-x-1 border-b-2 border-transparent font-normal text-neutral-700 hover:border-neutral-700 hover:text-neutral-700" href="/angebote"><svg viewBox="0 0 24 24" fill="none" xmlns="http://www.w3.org/2000/svg" stroke="currentColor" stroke-width="1.5" stroke-linecap="round" stroke-linejoin="round" class="flex w-5" aria-label="percentage" role="img"><path d="M6 18.0001L18 6"></path><path d="M18.2024 15.9524C18.2024 17.195 17.195 18.2024 15.9524 18.2024C14.7097 18.2024 13.7024 17.195 13.7024 15.9524C13.7024 14.7097 14.7097 13.7024 15.9524 13.7024C16.5498 13.7002 17.1234 13.9365 17.5458 14.359C17.9683 14.7814 18.2046 15.355 18.2024 15.9524"></path><path d="M5.75001 8.00005C5.75001 6.7574 6.75737 5.75003 8 5.75003C9.24265 5.75003 10.25 6.7574 10.25 8.00005C10.25 9.24269 9.24265 10.2501 8 10.2501C7.4026 10.2523 6.82901 10.0159 6.40658 9.59348C5.98414 9.17104 5.7478 8.59746 5.75001 8.00005"></path></svg>Angebote</a></div></li><li class="hidden lg:flex" role="none"><div class="flex h-full"><a tabindex="0" role="menuitem" aria-haspopup="menu" aria-expanded="false" aria-controls="flyout-column-medikamente" class="flex w-full items-center gap-x-1 border-b-2 border-transparent font-normal text-neutral-700 hover:border-neutral-700 hover:text-neutral-700" href="/arzneimittel-gesundheit">Medikamente</a></div></li><li class="hidden lg:flex" role="none"><div class="flex h-full"><a tabindex="0" role="menuitem" aria-haspopup="menu" aria-expanded="false" aria-controls="flyout-column-beauty-pflege" class="flex w-full items-center gap-x-1 border-b-2 border-transparent font-normal text-neutral-700 hover:border-neutral-700 hover:text-neutral-700" href="/beauty-pflege">Beauty &amp; Pflege</a></div></li><li class="hidden lg:flex" role="none"><div class="flex h-full"><a tabindex="0" role="menuitem" aria-haspopup="menu" aria-expanded="false" aria-controls="flyout-column-ernaehrung" class="flex w-full items-center gap-x-1 border-b-2 border-transparent font-normal text-neutral-700 hover:border-neutral-700 hover:text-neutral-700" href="/vitamine-sport-ernaehrung">Ernährung</a></div></li><li class="" role="none"><div class="flex h-full"><a tabindex="0" role="menuitem" class="flex w-full items-center gap-x-1 border-b-2 border-transparent font-normal text-neutral-700 hover:border-neutral-700 hover:text-neutral-700" href="/online-arzt">Online Arzt</a></div></li><li class="" role="none"><div class="flex h-full"><a tabindex="0" role="menuitem" aria-haspopup="menu" aria-expanded="false" aria-controls="flyout-column-ratgeber" class="flex w-full items-center gap-x-1 border-b-2 border-transparent font-normal text-neutral-700 hover:border-neutral-700 hover:text-neutral-700" href="/ratgeber">Ratgeber</a></div></li><li class="" role="none"><div class="flex h-full"><a tabindex="0" role="menuitem" aria-haspopup="menu" aria-expanded="false" aria-controls="flyout-column-rezept-einloesen" class="flex w-full items-center gap-x-1 border-b-2 border-transparent font-normal text-neutral-700 hover:border-neutral-700 hover:text-neutral-700" href="/rezepte"><svg viewBox="0 0 24 24" fill="none" xmlns="http://www.w3.org/2000/svg" stroke="currentColor" stroke-width="1.5" stroke-linecap="round" stroke-linejoin="round" class="flex w-5" aria-label="prescription" role="img"><path fill-rule="evenodd" clip-rule="evenodd" d="M23 15.2C23 14.7582 22.6418 14.4 22.2 14.4H20.6V12.8C20.6 12.3582 20.2418 12 19.8 12H18.2C17.7582 12 17.4 12.3582 17.4 12.8V14.4H15.8C15.3582 14.4 15 14.7582 15 15.2V16.8C15 17.2418 15.3582 17.6 15.8 17.6H17.4V19.2C17.4 19.6418 17.7582 20 18.2 20H19.8C20.2418 20 20.6 19.6418 20.6 19.2V17.6H22.2C22.6418 17.6 23 17.2418 23 16.8V15.2Z"></path><path d="M4.99998 7.5H17"></path><path d="M4.99998 11.5H12"></path><path d="M4.99998 15.5H6.99998"></path><path d="M23 9V6C23 4.34315 21.6569 3 20 3H4.00002C2.34316 3 1.00002 4.34315 1.00002 6V17C1.00002 18.6569 2.34316 20 4.00002 20H11.8462"></path></svg>Rezept einlösen</a></div></li></ul></nav><div role="menu" aria-hidden="true" id="flyout-column-kategorien" data-testid="flyout-column-kategorien" class="bg-neutral-0 absolute left-0 top-12 my-0 w-full p-6 shadow-lg hidden"><div data-testid="" class="mx-auto px-3 my-0 py-0 max-w-[1280px] md:px-10 sm:pb-24 legacy:px-[10px]"><div class="grid-cols-4 hidden"><div class="flex-1"><div class="flex flex-col gap-5"><a class="mb-[.125rem] pb-0 text-base font-semibold leading-6 text-neutral-700" role="menuitem" href="/lp/produkte">Kategorien</a><ul class="flex flex-col gap-4"><li><a class="block pb-2 text-neutral-700 text-xs font-normal" role="menuitem" href="/marken/docmorris">Unsere Eigenmarke</a></li><li><a class="block pb-2 text-neutral-700 text-xs font-normal" role="menuitem" href="/arzneimittel-gesundheit">Arzneimittel &amp; Gesundheit</a></li><li><a class="block pb-2 text-neutral-700 text-xs font-normal" role="menuitem" href="/beauty-pflege">Beauty &amp; Pflege</a></li><li><a class="block pb-2 text-neutral-700 text-xs font-normal" role="menuitem" href="/buecher-ratgeber">Bücher &amp; Ratgeber</a></li><li><a class="block pb-2 text-neutral-700 text-xs font-normal" role="menuitem" href="/kinder-familie">Kinder &amp; Familie</a></li><li><a class="block pb-2 text-neutral-700 text-xs font-normal" role="menuitem" href="/sanitaetshaus">Sanitätshaus</a></li><li><a class="block pb-2 text-neutral-700 text-xs font-normal" role="menuitem" href="/tiergesundheit-tierbedarf">Tiergesundheit &amp; Tierbedarf</a></li><li><a class="block pb-2 text-neutral-700 text-xs font-normal" role="menuitem" href="/vitamine-sport-ernaehrung">Vitamine, Sport &amp; Ernährung</a></li></ul></div></div><div class="flex-1"><div class="flex flex-col gap-5"><a class="mb-[.125rem] pb-0 text-base font-semibold leading-6 text-neutral-700" role="menuitem" href="/">Beliebt</a><ul class="flex flex-col gap-4"><li><a class="block pb-2 text-neutral-700 text-xs font-normal" role="menuitem" href="/rezepte">Rezept-Bonus</a></li><li><a class="block pb-2 text-neutral-700 text-xs font-normal" role="menuitem" href="/angebote/top-seller">Unsere Topseller</a></li><li><a class="block pb-2 text-neutral-700 text-xs font-normal" role="menuitem" href="/angebote/sparsets">Sparsets</a></li><li><a class="block pb-2 text-neutral-700 text-xs font-normal" role="menuitem" href="/arzneimittel-gesundheit/erkaeltung-grippe">Erkältung</a></li><li><a class="block pb-2 text-neutral-700 text-xs font-normal" role="menuitem" href="/marken">Markenshops</a></li><li><a class="block pb-2 text-neutral-700 text-xs font-normal" role="menuitem" href="/lp/nachhaltigkeit">Nachhaltige Marken</a></li><li><a class="block pb-2 text-neutral-700 text-xs font-normal" role="menuitem" href="/lp/pharmazeutische-beratung">Pharmazeutische Beratung</a></li><li><button role="menuitem" aria-label="Hilfe &amp; Kontakt" data-url="L2hpbGZlLWtvbnRha3Q=" class="underline-offset-[0.4em] hover:text-neutral-500 hover:no-underline no-underline block pb-2 text-neutral-700 text-xs font-normal" type="button">Hilfe &amp; Kontakt</button></li></ul></div></div><div class="flex-initial"><a class="mr-10 h-[21.75rem]" role="menuitem" href="/nicorette-mint-spray-3-doppelp/80023736"><div class="relative flex overflow-hidden"><img alt="Bannerbild" loading="lazy" width="262" height="348" decoding="async" data-nimg="1" style="color:transparent" src="https://statics.docmorris-plus.de/static/docmorris/cms/d_15945_nicorette_fly_f7e55bbb70.webp"/><span data-testid="skeleton" class="inline-block Skeleton_skeletonAnimation__7iWXi" style="width:262px;height:348px;position:absolute"></span></div></a></div><div class="flex-initial"><a class="mr-10 h-[21.75rem]" role="menuitem" href="/orthomol-pro-6-kapsel/17839445"><div class="relative flex overflow-hidden"><img alt="Bannerbild" loading="lazy" width="262" height="348" decoding="async" data-nimg="1" style="color:transparent" src="https://statics.docmorris-plus.de/static/docmorris/cms/d_16686_orthomol_pro6_fly_c9c9f556ee.webp"/><span data-testid="skeleton" class="inline-block Skeleton_skeletonAnimation__7iWXi" style="width:262px;height:348px;position:absolute"></span></div></a></div></div></div></div><div role="menu" aria-hidden="true" id="flyout-column-angebote" data-testid="flyout-column-angebote" class="bg-neutral-0 absolute left-0 top-12 my-0 w-full p-6 shadow-lg hidden"><div data-testid="" class="mx-auto px-3 my-0 py-0 max-w-[1280px] md:px-10 sm:pb-24 legacy:px-[10px]"><div class="grid-cols-4 hidden"><div class="flex-1"><div class="flex flex-col gap-5"><a class="mb-[.125rem] pb-0 text-base font-semibold leading-6 text-neutral-700" role="menuitem" href="/angebote">Angebote</a><ul class="flex flex-col gap-4"><li><a class="block pb-2 text-neutral-700 text-xs font-normal" role="menuitem" href="/angebote/stark-reduziert">Stark reduziert</a></li><li><a class="block pb-2 text-neutral-700 text-xs font-normal" role="menuitem" href="/angebote/top-seller">Topseller</a></li><li><a class="block pb-2 text-neutral-700 text-xs font-normal" role="menuitem" href="/angebote/sparsets">Sparsets</a></li><li><a class="block pb-2 text-neutral-700 text-xs font-normal" role="menuitem" href="/angebote/couponartikel">Couponartikel</a></li></ul></div></div><div class="flex-1"><div class="flex flex-col gap-5"><div class="mb-[.125rem] h-6"></div><ul class="flex flex-col gap-4"></ul></div></div><div class="flex-initial"><a class="mr-10 h-[21.75rem]" role="menuitem" href="/phytohustil-hustenreizstiller-sirup/00425478"><div class="relative flex overflow-hidden"><img alt="Bannerbild" loading="lazy" width="262" height="348" decoding="async" data-nimg="1" style="color:transparent" src="https://statics.docmorris-plus.de/static/docmorris/cms/d_17724_phytohustil_fly_eedf51f204.webp"/><span data-testid="skeleton" class="inline-block Skeleton_skeletonAnimation__7iWXi" style="width:262px;height:348px;position:absolute"></span></div></a></div><div class="flex-initial"><a class="mr-10 h-[21.75rem]" role="menuitem" href="/acc-akut-600-hustenloeser/00520917"><div class="relative flex overflow-hidden"><img alt="Bannerbild" loading="lazy" width="262" height="348" decoding="async" data-nimg="1" style="color:transparent" src="https://statics.docmorris-plus.de/static/docmorris/cms/d_18968_acc_fly_dda8e21924.webp"/><span data-testid="skeleton" class="inline-block Skeleton_skeletonAnimation__7iWXi" style="width:262px;height:348px;position:absolute"></span></div></a></div></div></div></div><div role="menu" aria-hidden="true" id="flyout-column-medikamente" data-testid="flyout-column-medikamente" class="bg-neutral-0 absolute left-0 top-12 my-0 w-full p-6 shadow-lg hidden"><div data-testid="" class="mx-auto px-3 my-0 py-0 max-w-[1280px] md:px-10 sm:pb-24 legacy:px-[10px]"><div class="grid-cols-4 hidden"><div class="flex-1"><div class="flex flex-col gap-5"><a class="mb-[.125rem] pb-0 text-base font-semibold leading-6 text-neutral-700" role="menuitem" href="/arzneimittel-gesundheit">Medikamente</a><ul class="flex flex-col gap-4"><li><a class="block pb-2 text-neutral-700 text-xs font-normal" role="menuitem" href="/arzneimittel-gesundheit/allergie">Allergie</a></li><li><a class="block pb-2 text-neutral-700 text-xs font-normal" role="menuitem" href="/arzneimittel-gesundheit/auge-ohr">Auge &amp; Ohr</a></li><li><a class="block pb-2 text-neutral-700 text-xs font-normal" role="menuitem" href="/arzneimittel-gesundheit/beruhigung-schlaf-stress">Beruhigung, Schlaf &amp; Stress</a></li><li><a class="block pb-2 text-neutral-700 text-xs font-normal" role="menuitem" href="/arzneimittel-gesundheit/blase-niere-prostata">Blase, Niere &amp; Prostata</a></li><li><a class="block pb-2 text-neutral-700 text-xs font-normal" role="menuitem" href="/arzneimittel-gesundheit/diabetes">Diabetes</a></li><li><a class="block pb-2 text-neutral-700 text-xs font-normal" role="menuitem" href="/arzneimittel-gesundheit/erkaeltung-grippe">Erkältung &amp; Grippe</a></li><li><a class="block pb-2 text-neutral-700 text-xs font-normal" role="menuitem" href="/arzneimittel-gesundheit/frauengesundheit">Frauengesundheit</a></li><li><a class="block pb-2 text-neutral-700 text-xs font-normal" role="menuitem" href="/arzneimittel-gesundheit/haus-reiseapotheke">Haus- &amp; Reiseapotheke</a></li><li><a class="block pb-2 text-neutral-700 text-xs font-normal" role="menuitem" href="/arzneimittel-gesundheit/haut-haare-naegel">Haut, Haare &amp; Nägel</a></li></ul></div></div><div class="flex-1"><div class="flex flex-col gap-5"><div class="mb-[.125rem] h-6"></div><ul class="flex flex-col gap-4"><li><a class="block pb-2 text-neutral-700 text-xs font-normal" role="menuitem" href="/arzneimittel-gesundheit/herz-kreislauf-gedaechtnis">Herz, Kreislauf &amp; Gedächtnis</a></li><li><a class="block pb-2 text-neutral-700 text-xs font-normal" role="menuitem" href="/arzneimittel-gesundheit/homoeopathie-natur">Homöopathie &amp; Natur</a></li><li><a class="block pb-2 text-neutral-700 text-xs font-normal" role="menuitem" href="/arzneimittel-gesundheit/liebe-sexualitaet">Liebe &amp; Sexualität</a></li><li><a class="block pb-2 text-neutral-700 text-xs font-normal" role="menuitem" href="/arzneimittel-gesundheit/magen-darm-verdauung">Magen, Darm &amp; Verdauung</a></li><li><a class="block pb-2 text-neutral-700 text-xs font-normal" role="menuitem" href="/arzneimittel-gesundheit/maennergesundheit">Männergesundheit</a></li><li><a class="block pb-2 text-neutral-700 text-xs font-normal" role="menuitem" href="/arzneimittel-gesundheit/mund-zahngesundheit">Mund- &amp; Zahngesundheit</a></li><li><a class="block pb-2 text-neutral-700 text-xs font-normal" role="menuitem" href="/arzneimittel-gesundheit/muskeln-knochen-gelenke">Muskeln, Knochen &amp; Gelenke</a></li><li><a class="block pb-2 text-neutral-700 text-xs font-normal" role="menuitem" href="/arzneimittel-gesundheit/raucherentwoehnung">Raucherentwöhnung</a></li><li><a class="block pb-2 text-neutral-700 text-xs font-normal" role="menuitem" href="/arzneimittel-gesundheit/schmerzmittel">Schmerzmittel</a></li><li><a class="block pb-2 text-neutral-700 text-xs font-normal" role="menuitem" href="/arzneimittel-gesundheit/selbsttests">Selbsttests</a></li></ul></div></div><div class="flex-initial"><a class="mr-10 h-[21.75rem]" role="menuitem" href="/nasensprayratiopharm-erwachsene-bei-schnupfen/00999848"><div class="relative flex overflow-hidden"><img alt="Bannerbild" loading="lazy" width="262" height="348" decoding="async" data-nimg="1" style="color:transparent" src="https://statics.docmorris-plus.de/static/docmorris/cms/d_16929_ratio_nasenspray_fly_a2e1834b20.webp"/><span data-testid="skeleton" class="inline-block Skeleton_skeletonAnimation__7iWXi" style="width:262px;height:348px;position:absolute"></span></div></a></div><div class="flex-initial"><a class="mr-10 h-[21.75rem]" role="menuitem" href="/esoxx-one/19456257"><div class="relative flex overflow-hidden"><img alt="Bannerbild" loading="lazy" width="262" height="348" decoding="async" data-nimg="1" style="color:transparent" src="https://statics.docmorris-plus.de/static/docmorris/cms/d_15575_esoxx_fly_b2a3b8363b.webp"/><span data-testid="skeleton" class="inline-block Skeleton_skeletonAnimation__7iWXi" style="width:262px;height:348px;position:absolute"></span></div></a></div></div></div></div><div role="menu" aria-hidden="true" id="flyout-column-beauty-pflege" data-testid="flyout-column-beauty-pflege" class="bg-neutral-0 absolute left-0 top-12 my-0 w-full p-6 shadow-lg hidden"><div data-testid="" class="mx-auto px-3 my-0 py-0 max-w-[1280px] md:px-10 sm:pb-24 legacy:px-[10px]"><div class="grid-cols-4 hidden"><div class="flex-1"><div class="flex flex-col gap-5"><a class="mb-[.125rem] pb-0 text-base font-semibold leading-6 text-neutral-700" role="menuitem" href="/beauty-pflege">Beauty &amp; Pflege</a><ul class="flex flex-col gap-4"><li><a class="block pb-2 text-neutral-700 text-xs font-normal" role="menuitem" href="/beauty-pflege/beauty-pflegesets">Beauty- &amp; Pflegesets</a></li><li><a class="block pb-2 text-neutral-700 text-xs font-normal" role="menuitem" href="/beauty-pflege/gesicht">Gesicht</a></li><li><a class="block pb-2 text-neutral-700 text-xs font-normal" role="menuitem" href="/beauty-pflege/haare">Haare</a></li><li><a class="block pb-2 text-neutral-700 text-xs font-normal" role="menuitem" href="/beauty-pflege/koerper">Körper</a></li><li><a class="block pb-2 text-neutral-700 text-xs font-normal" role="menuitem" href="/lp/pflegeroutinen-hautbeduerfnisse">Pflegeroutinen &amp; Hautbedürfnisse</a></li><li><a class="block pb-2 text-neutral-700 text-xs font-normal" role="menuitem" href="/beauty-pflege/naturkosmetik">Naturkosmetik</a></li><li><a class="block pb-2 text-neutral-700 text-xs font-normal" role="menuitem" href="/lp/adventskalender-shoppen">Adventskalender &amp; Geschenksets</a></li><li><a class="block pb-2 text-neutral-700 text-xs font-normal" role="menuitem" href="/beauty-pflege/sonne-schutz">Sonne &amp; Schutz</a></li><li><a class="block pb-2 text-neutral-700 text-xs font-normal" role="menuitem" href="/lp/dermatologische-hautpflege">Dermatologische Hautpflege</a></li></ul></div></div><div class="flex-1"><div class="flex flex-col gap-5"><a class="mb-[.125rem] pb-0 text-base font-semibold leading-6 text-neutral-700" role="menuitem" href="/marken">Beliebte Marken</a><ul class="flex flex-col gap-4"><li><a class="block pb-2 text-neutral-700 text-xs font-normal" role="menuitem" href="/marken/la-roche-posay">La Roche Posay</a></li><li><a class="block pb-2 text-neutral-700 text-xs font-normal" role="menuitem" href="/marken/the-ordinary">The Ordinary</a></li><li><a class="block pb-2 text-neutral-700 text-xs font-normal" role="menuitem" href="/marken/cerave">CeraVe</a></li><li><a class="block pb-2 text-neutral-700 text-xs font-normal" role="menuitem" href="/marken/bepanthen">Bepanthen</a></li><li><a class="block pb-2 text-neutral-700 text-xs font-normal" role="menuitem" href="/marken/eucerin">Eucerin</a></li><li><a class="block pb-2 text-neutral-700 text-xs font-normal" role="menuitem" href="/marken/weleda">WELEDA</a></li><li><a class="block pb-2 text-neutral-700 text-xs font-normal" role="menuitem" href="/marken/clinique">CLINIQUE</a></li><li><a class="block pb-2 text-neutral-700 text-xs font-normal" role="menuitem" href="/marken/cetaphil">Cetaphil</a></li><li><a class="block pb-2 text-neutral-700 text-xs font-normal" role="menuitem" href="/marken/avene">Avène</a></li></ul></div></div><div class="flex-initial"><a class="mr-10 h-[21.75rem]" role="menuitem" href="/angebote/scandinavian-biolabs"><div class="relative flex overflow-hidden"><img alt="Bannerbild" loading="lazy" width="262" height="348" decoding="async" data-nimg="1" style="color:transparent" src="https://statics.docmorris-plus.de/static/docmorris/cms/d_14353_scandi_bio_fly_3d7b7a61e9.webp"/><span data-testid="skeleton" class="inline-block Skeleton_skeletonAnimation__7iWXi" style="width:262px;height:348px;position:absolute"></span></div></a></div><div class="flex-initial"><a class="mr-10 h-[21.75rem]" role="menuitem" href="/lp/pflegeroutinen-hautbeduerfnisse"><div class="relative flex overflow-hidden"><img alt="Bannerbild" loading="lazy" width="262" height="348" decoding="async" data-nimg="1" style="color:transparent" src="https://statics.docmorris-plus.de/static/docmorris/cms/dmr_bpc_always_on_hautpflege_fly_05f5dc408d.webp"/><span data-testid="skeleton" class="inline-block Skeleton_skeletonAnimation__7iWXi" style="width:262px;height:348px;position:absolute"></span></div></a></div></div></div></div><div role="menu" aria-hidden="true" id="flyout-column-ernaehrung" data-testid="flyout-column-ernaehrung" class="bg-neutral-0 absolute left-0 top-12 my-0 w-full p-6 shadow-lg hidden"><div data-testid="" class="mx-auto px-3 my-0 py-0 max-w-[1280px] md:px-10 sm:pb-24 legacy:px-[10px]"><div class="grid-cols-4 hidden"><div class="flex-1"><div class="flex flex-col gap-5"><a class="mb-[.125rem] pb-0 text-base font-semibold leading-6 text-neutral-700" role="menuitem" href="/vitamine-sport-ernaehrung">Vitamine, Sport &amp; Ernährung</a><ul class="flex flex-col gap-4"><li><a class="block pb-2 text-neutral-700 text-xs font-normal" role="menuitem" href="/vitamine-sport-ernaehrung/abnehmen">Abnehmen</a></li><li><a class="block pb-2 text-neutral-700 text-xs font-normal" role="menuitem" href="/vitamine-sport-ernaehrung/ernaehrung">Ernährung</a></li><li><a class="block pb-2 text-neutral-700 text-xs font-normal" role="menuitem" href="/vitamine-sport-ernaehrung/sport-fitness">Sport &amp; Fitness</a></li><li><a class="block pb-2 text-neutral-700 text-xs font-normal" role="menuitem" href="/vitamine-sport-ernaehrung/nahrungsergaenzung">Nahrungsergänzung</a></li></ul></div></div><div class="flex-1"><div class="flex flex-col gap-5"><a class="mb-[.125rem] pb-0 text-base font-semibold leading-6 text-neutral-700" role="menuitem" href="/marken">Beliebte Marken</a><ul class="flex flex-col gap-4"><li><a class="block pb-2 text-neutral-700 text-xs font-normal" role="menuitem" href="/marken/SPLMNT-LAB">NEU - SPLMNT LAB</a></li><li><a class="block pb-2 text-neutral-700 text-xs font-normal" role="menuitem" href="/marken/omni-biotic">OMNiBiOTiC</a></li><li><a class="block pb-2 text-neutral-700 text-xs font-normal" role="menuitem" href="/marken/orthomol">Orthomol</a></li><li><a class="block pb-2 text-neutral-700 text-xs font-normal" role="menuitem" href="/marken/elotrans">ELOTRANS</a></li><li><a class="block pb-2 text-neutral-700 text-xs font-normal" role="menuitem" href="/marken/femibion">Femibion</a></li><li><a class="block pb-2 text-neutral-700 text-xs font-normal" role="menuitem" href="/marken/fresubin">Fresubin</a></li><li><a class="block pb-2 text-neutral-700 text-xs font-normal" role="menuitem" href="/marken/vigantol">VIGANTOL</a></li><li><a class="block pb-2 text-neutral-700 text-xs font-normal" role="menuitem" href="/marken/vitasprint">Vitasprint</a></li></ul></div></div><div class="flex-initial"><a class="mr-10 h-[21.75rem]" role="menuitem" href="/orthomol-neuro-kapseln/19440925"><div class="relative flex overflow-hidden"><img alt="Bannerbild" loading="lazy" width="262" height="348" decoding="async" data-nimg="1" style="color:transparent" src="https://statics.docmorris-plus.de/static/docmorris/cms/d_18942_orthomol_fly_d2abe8f11e.webp"/><span data-testid="skeleton" class="inline-block Skeleton_skeletonAnimation__7iWXi" style="width:262px;height:348px;position:absolute"></span></div></a></div><div class="flex-initial"><a class="mr-10 h-[21.75rem]" role="menuitem" href="/marken/SPLMNT-LAB/Immunsystem-Darm"><div class="relative flex overflow-hidden"><img alt="Bannerbild" loading="lazy" width="262" height="348" decoding="async" data-nimg="1" style="color:transparent" src="https://statics.docmorris-plus.de/static/docmorris/cms/dmr_splmnt_lab_fly_00a462fce1.png"/><span data-testid="skeleton" class="inline-block Skeleton_skeletonAnimation__7iWXi" style="width:262px;height:348px;position:absolute"></span></div></a></div></div></div></div><div role="menu" aria-hidden="true" id="flyout-column-ratgeber" data-testid="flyout-column-ratgeber" class="bg-neutral-0 absolute left-0 top-12 my-0 w-full p-6 shadow-lg hidden"><div data-testid="" class="mx-auto px-3 my-0 py-0 max-w-[1280px] md:px-10 sm:pb-24 legacy:px-[10px]"><div class="grid-cols-4 hidden"><div class="flex-1"><div class="flex flex-col gap-5"><a class="mb-[.125rem] pb-0 text-base font-semibold leading-6 text-neutral-700" role="menuitem" href="/ratgeber">Ratgeber</a><ul class="flex flex-col gap-4"><li><a class="block pb-2 text-neutral-700 text-xs font-normal" role="menuitem" href="/ratgeber/adipositas">Adipositas</a></li><li><a class="block pb-2 text-neutral-700 text-xs font-normal" role="menuitem" href="/ratgeber/diabetes">Diabetes</a></li><li><a class="block pb-2 text-neutral-700 text-xs font-normal" role="menuitem" href="/ratgeber/erektionsstoerungen">Erektionsstörungen</a></li><li><a class="block pb-2 text-neutral-700 text-xs font-normal" role="menuitem" href="/ratgeber/asthma">Asthma</a></li><li><a class="block pb-2 text-neutral-700 text-xs font-normal" role="menuitem" href="/ratgeber/nierengesundheit">Nierengesundheit</a></li><li><a class="block pb-2 text-neutral-700 text-xs font-normal" role="menuitem" href="/ratgeber">Weitere Bereiche</a></li><li><a class="block pb-2 text-neutral-700 text-xs font-normal" role="menuitem" href="/ratgeber/diga-und-gesundheitsapps">Digitale Therapien</a></li><li><a class="block pb-2 text-neutral-700 text-xs font-normal" role="menuitem" href="/ratgeber/wirkstofflexikon">Wirkstofflexikon</a></li></ul></div></div><div class="flex-1"><div class="flex flex-col gap-5"><a class="mb-[.125rem] pb-0 text-base font-semibold leading-6 text-neutral-700" role="menuitem" href="/ratgeber/magazin">Magazin</a><ul class="flex flex-col gap-4"><li><a class="block pb-2 text-neutral-700 text-xs font-normal" role="menuitem" href="/ratgeber/magazin/krankheiten">Krankheiten A-Z</a></li><li><a class="block pb-2 text-neutral-700 text-xs font-normal" role="menuitem" href="http://www.docmorris.de/ratgeber/magazin/symptome">Symptomlexikon</a></li><li><a class="block pb-2 text-neutral-700 text-xs font-normal" role="menuitem" href="/ratgeber/magazin/haut-haare-naegel">Haut, Haare &amp; Nägel</a></li><li><a class="block pb-2 text-neutral-700 text-xs font-normal" role="menuitem" href="/ratgeber/magazin/ernaehrung">Ernährung</a></li><li><a class="block pb-2 text-neutral-700 text-xs font-normal" role="menuitem" href="http://www.docmorris.de/ratgeber/magazin/schwangerschaft">Schwangerschaft</a></li><li><a class="block pb-2 text-neutral-700 text-xs font-normal" role="menuitem" href="http://www.docmorris.de/ratgeber/magazin/baby-kind">Baby &amp; Kind</a></li><li><a class="block pb-2 text-neutral-700 text-xs font-normal" role="menuitem" href="/ratgeber/magazin/wohlfuehlen">Wohlfühlen &amp; Fitness</a></li><li><a class="block pb-2 text-neutral-700 text-xs font-normal" role="menuitem" href="/ratgeber/magazin/tiergesundheit">Tiergesundheit</a></li></ul></div></div><div class="flex-1"><div class="flex flex-col gap-5"><a class="mb-[.125rem] pb-0 text-base font-semibold leading-6 text-neutral-700" role="menuitem" href="/lp/pharmazeutische-beratung">Pharmazeutische Beratung</a><ul class="flex flex-col gap-4"><li><a class="block pb-2 text-neutral-700 text-xs font-normal" role="menuitem" href="/wechselwirkungscheck">Wechselwirkungscheck</a></li><li><a class="block pb-2 text-neutral-700 text-xs font-normal" role="menuitem" href="/lp/pharmazeutische-beratung/anwendungshinweise">Anwendungshinweise</a></li><li><a class="block pb-2 text-neutral-700 text-xs font-normal" role="menuitem" href="/lp/pharmazeutische-beratung/dienstleistungen">Pharmazeutische Dienstleistungen</a></li><li><a class="block pb-2 text-neutral-700 text-xs font-normal" role="menuitem" href="/lp/beratung/darmgesundheit">Darm-Beratung</a></li><li><a class="block pb-2 text-neutral-700 text-xs font-normal" role="menuitem" href="/rezepte/leistungen-ums-rezept">Leistungen rund ums Rezept</a></li><li><a class="block pb-2 text-neutral-700 text-xs font-normal" role="menuitem" href="/lp/pharmazeutische-beratung/medikationsprofil">Medikationsprofil</a></li><li><a class="block pb-2 text-neutral-700 text-xs font-normal" role="menuitem" href="/lp/pharmazeutische-beratung">Kontakt</a></li></ul></div></div><div class="flex-initial"><a class="mr-10 h-[21.75rem]" role="menuitem" href="/ratgeber/adipositas/behandlungsoptionen?utm_source=onsitedocmorris&amp;utm_medium=banner&amp;utm_campaign=flyoutLilly2601"><div class="relative flex overflow-hidden"><img alt="Bannerbild" loading="lazy" width="262" height="348" decoding="async" data-nimg="1" style="color:transparent" src="https://statics.docmorris-plus.de/static/docmorris/cms/dmr_lilly_adipositas_26_01_dark_fly_v1_eac561a25a.webp"/><span data-testid="skeleton" class="inline-block Skeleton_skeletonAnimation__7iWXi" style="width:262px;height:348px;position:absolute"></span></div></a></div></div></div></div><div role="menu" aria-hidden="true" id="flyout-column-rezept-einloesen" data-testid="flyout-column-rezept-einloesen" class="bg-neutral-0 absolute left-0 top-12 my-0 w-full p-6 shadow-lg hidden"><div data-testid="" class="mx-auto px-3 my-0 py-0 max-w-[1280px] md:px-10 sm:pb-24 legacy:px-[10px]"><div class="grid-cols-4 hidden"><div class="flex-1"><div class="flex flex-col gap-5"><a class="mb-[.125rem] pb-0 text-base font-semibold leading-6 text-neutral-700" role="menuitem" href="/rezepte">Rezept einlösen</a><ul class="flex flex-col gap-4"><li><a class="block pb-2 text-neutral-700 text-xs font-normal" role="menuitem" href="/rezepte/e-rezept/informationen">Informationen zum E-Rezept</a></li><li><a class="block pb-2 text-neutral-700 text-xs font-normal" role="menuitem" href="/rezepte/egk-elektronische-gesundheitskarte">E-Rezept mit Krankenkassenkarte</a></li><li><a class="block pb-2 text-neutral-700 text-xs font-normal" role="menuitem" href="/rezepte/rezept-einloesen/e-rezept/scan">E-Rezept-Ausdruck mit QR-Code</a></li><li><a class="block pb-2 text-neutral-700 text-xs font-normal" role="menuitem" href="/rezepte/familie">E-Rezepte für die ganze Familie einlösen</a></li><li><a class="block pb-2 text-neutral-700 text-xs font-normal" role="menuitem" href="/rezepte/rezept-einloesen/e-rezept">E-Rezept jetzt einlösen</a></li><li><a class="block pb-2 text-neutral-700 text-xs font-normal" role="menuitem" href="/rezepte/rezept-einloesen/klassisches-rezept">Klassisches Papierrezept</a></li><li><a class="block pb-2 text-neutral-700 text-xs font-normal" role="menuitem" href="/rezepte/papierrezepte-einsenden">Privatrezept</a></li><li><button role="menuitem" aria-label="Freiumschläge" data-url="L2luZm9tYXRlcmlhbA==" class="underline-offset-[0.4em] hover:text-neutral-500 hover:no-underline no-underline block pb-2 text-neutral-700 text-xs font-normal" type="button">Freiumschläge</button></li></ul></div></div><div class="flex-1"><div class="flex flex-col gap-5"><a class="mb-[.125rem] pb-0 text-base font-semibold leading-6 text-neutral-700" role="menuitem" href="/">Vorteile bei DocMorris</a><ul class="flex flex-col gap-4"><li><a class="block pb-2 text-neutral-700 text-xs font-normal" role="menuitem" href="/rezepte/rezept-bonus">Neu: Rezept-Bonus</a></li><li><a class="block pb-2 text-neutral-700 text-xs font-normal" role="menuitem" href="/online-arzt">Online-Arzt</a></li><li><a class="block pb-2 text-neutral-700 text-xs font-normal" role="menuitem" href="/rezepte/rezept-abo">Rezept-Abo</a></li><li><a class="block pb-2 text-neutral-700 text-xs font-normal" role="menuitem" href="/rezepte/erx-next-day-delivery">Kostenlose Lieferung</a></li><li><a class="block pb-2 text-neutral-700 text-xs font-normal" role="menuitem" href="/lp/app">DocMorris App</a></li><li><a class="block pb-2 text-neutral-700 text-xs font-normal" role="menuitem" href="/rezepte/pkv">Vorteile für Privatversicherte</a></li><li><button role="menuitem" aria-label="Freundschafts-Vorteil" data-url="L2ZyZXVuZHNjaGFmdHMtdm9ydGVpbA==" class="underline-offset-[0.4em] hover:text-neutral-500 hover:no-underline no-underline block pb-2 text-neutral-700 text-xs font-normal" type="button">Freundschafts-Vorteil</button></li><li><a class="block pb-2 text-neutral-700 text-xs font-normal" role="menuitem" href="/ratgeber">Ratgeber</a></li></ul></div></div><div class="flex-1"><div class="flex flex-col gap-5"><a class="mb-[.125rem] pb-0 text-base font-semibold leading-6 text-neutral-700" role="menuitem" href="/rezepte">Rezept-Services</a><ul class="flex flex-col gap-4"><li><a class="block pb-2 text-neutral-700 text-xs font-normal" role="menuitem" href="/lp/pharmazeutische-beratung">Pharmazeutische Beratung</a></li><li><a class="block pb-2 text-neutral-700 text-xs font-normal" role="menuitem" href="/lp/pharmazeutische-beratung/videoberatung">Videoberatung</a></li><li><button role="menuitem" aria-label="Telefonische Beratung" data-url="L2hpbGZlLWtvbnRha3Q=" class="underline-offset-[0.4em] hover:text-neutral-500 hover:no-underline no-underline block pb-2 text-neutral-700 text-xs font-normal" type="button">Telefonische Beratung</button></li><li><a class="block pb-2 text-neutral-700 text-xs font-normal" role="menuitem" href="/wechselwirkungscheck">Wechselwirkungscheck</a></li><li><a class="block pb-2 text-neutral-700 text-xs font-normal" role="menuitem" href="/lp/pharmazeutische-beratung/anwendungshinweise">Anwendungshinweise</a></li><li><a class="block pb-2 text-neutral-700 text-xs font-normal" role="menuitem" href="/kontaktformular">Kontakt</a></li></ul></div></div><div class="flex-initial"><a class="mr-10 h-[21.75rem]" role="menuitem" href="/rezepte/rezept-bonus"><div class="relative flex overflow-hidden"><img alt="Bannerbild" loading="lazy" width="262" height="348" decoding="async" data-nimg="1" style="color:transparent" src="https://statics.docmorris-plus.de/static/docmorris/cms/dmr_bonus_2512_fly_irene_desktop_524x696_1e965a5c80.webp"/><span data-testid="skeleton" class="inline-block Skeleton_skeletonAnimation__7iWXi" style="width:262px;height:348px;position:absolute"></span></div></a></div></div></div></div></section></div></div><main data-testid="" class="mx-auto px-3 my-0 py-0 max-w-[1280px] md:px-10 sm:pb-24 legacy:px-[10px]"><div class="mb-5 mr-0"><nav class="w-full" aria-label="Navigation"><ul class="flex gap-x-3 overflow-x-auto whitespace-nowrap"><li data-testid="breadcrumb-item" class="group flex shrink-0 items-center gap-x-3 text-xs text-neutral-700"><span aria-hidden="true" class="before:content-[&quot;&gt;&quot;] group-first:hidden"></span><a title="Startseite" aria-current="false" class="hover:text-neutral-700 hover:underline" href="/">Startseite</a></li><li data-testid="breadcrumb-item" class="group flex shrink-0 items-center gap-x-3 text-xs text-neutral-700"><span aria-hidden="true" class="before:content-[&quot;&gt;&quot;] group-first:hidden"></span><span class="text-neutral-600" title="Arzneimittel &amp; Gesundheit" aria-current="page">Arzneimittel &amp; Gesundheit</span></li></ul></nav></div><div class="grid-cols-1 grid-rows-[auto_1fr] [grid-template-areas:&#x27;banner&#x27;&#x27;nav&#x27;&#x27;main&#x27;] lg:grid lg:grid-cols-[25%_72%] lg:gap-x-10 lg:[grid-template-areas:&#x27;nav_banner&#x27;_&#x27;nav_main&#x27;]"><div class="[grid-area:banner]"><div class="w-full"><a href="https://www.docmorris.de/search?query=18065810%2016538233%2012700079" class="relative mb-2 flex h-[200px] max-w-full overflow-hidden"><div class="relative flex overflow-hidden h-full w-full"><img alt="Dolo-Dobendan &amp; Nurofen" loading="lazy" decoding="async" data-nimg="fill" style="position:absolute;height:100%;width:100%;left:0;top:0;right:0;bottom:0;object-fit:contain;color:transparent" src="https://statics.docmorris-plus.de/static/docmorris/cms/d_16972_reckitt_mix_hero_cb03cafa0f.webp"/></div></a></div><h1 class="mb-4 break-words lg:mb-0">Arzneimittel &amp; Gesundheit</h1></div><div class="[grid-area:nav]"><div><nav class="lg:pb-10" aria-label="Seitennavigation" data-testid="categories-navigation"><div class="hidden lg:block"><h2 class="leading-2xl mb-4 cursor-pointer text-xl font-normal hover:font-semibold focus:font-semibold"><a class="text-neutral-700 hover:text-neutral-700 focus:text-neutral-700" href="/lp/produkte">Produkte</a></h2><a title="Arzneimittel &amp; Gesundheit" href="/arzneimittel-gesundheit"><span class="leading-xl mb-4 line-clamp-1 hidden text-sm text-neutral-700 hover:font-semibold hover:text-neutral-700 focus:font-semibold focus:text-neutral-700 lg:block font-semibold" style="padding-left:0px">Arzneimittel &amp; Gesundheit</span><span class="flex-0 leading-2xl flex items-center justify-between whitespace-nowrap rounded-lg bg-neutral-200 px-3 py-[10px] text-xs font-semibold text-neutral-700 outline-0 hover:cursor-pointer hover:text-neutral-700 focus:text-neutral-700 lg:hidden [&amp;:not(:last-child)]:mr-3 border border-neutral-700">Arzneimittel &amp; Gesundheit</span></a><a title="Allergie" href="/arzneimittel-gesundheit/allergie"><span class="leading-xl mb-4 line-clamp-1 hidden text-sm text-neutral-700 hover:font-semibold hover:text-neutral-700 focus:font-semibold focus:text-neutral-700 lg:block" style="padding-left:16px">Allergie</span><span class="flex-0 leading-2xl flex items-center justify-between whitespace-nowrap rounded-lg bg-neutral-200 px-3 py-[10px] text-xs font-semibold text-neutral-700 outline-0 hover:cursor-pointer hover:text-neutral-700 focus:text-neutral-700 lg:hidden [&amp;:not(:last-child)]:mr-3">Allergie</span></a><a title="Auge &amp; Ohr" href="/arzneimittel-gesundheit/auge-ohr"><span class="leading-xl mb-4 line-clamp-1 hidden text-sm text-neutral-700 hover:font-semibold hover:text-neutral-700 focus:font-semibold focus:text-neutral-700 lg:block" style="padding-left:16px">Auge &amp; Ohr</span><span class="flex-0 leading-2xl flex items-center justify-between whitespace-nowrap rounded-lg bg-neutral-200 px-3 py-[10px] text-xs font-semibold text-neutral-700 outline-0 hover:cursor-pointer hover:text-neutral-700 focus:text-neutral-700 lg:hidden [&amp;:not(:last-child)]:mr-3">Auge &amp; Ohr</span></a><a title="Beruhigung, Schlaf &amp; Stress" href="/arzneimittel-gesundheit/beruhigung-schlaf-stress"><span class="leading-xl mb-4 line-clamp-1 hidden text-sm text-neutral-700 hover:font-semibold hover:text-neutral-700 focus:font-semibold focus:text-neutral-700 lg:block" style="padding-left:16px">Beruhigung, Schlaf &amp; Stress</span><span class="flex-0 leading-2xl flex items-center justify-between whitespace-nowrap rounded-lg bg-neutral-200 px-3 py-[10px] text-xs font-semibold text-neutral-700 outline-0 hover:cursor-pointer hover:text-neutral-700 focus:text-neutral-700 lg:hidden [&amp;:not(:last-child)]:mr-3">Beruhigung, Schlaf &amp; Stress</span></a><a title="Blase, Niere &amp; Prostata" href="/arzneimittel-gesundheit/blase-niere-prostata"><span class="leading-xl mb-4 line-clamp-1 hidden text-sm text-neutral-700 hover:font-semibold hover:text-neutral-700 focus:font-semibold focus:text-neutral-700 lg:block" style="padding-left:16px">Blase, Niere &amp; Prostata</span><span class="flex-0 leading-2xl flex items-center justify-between whitespace-nowrap rounded-lg bg-neutral-200 px-3 py-[10px] text-xs font-semibold text-neutral-700 outline-0 hover:cursor-pointer hover:text-neutral-700 focus:text-neutral-700 lg:hidden [&amp;:not(:last-child)]:mr-3">Blase, Niere &amp; Prostata</span></a><a title="Diabetes" href="/arzneimittel-gesundheit/diabetes"><span class="leading-xl mb-4 line-clamp-1 hidden text-sm text-neutral-700 hover:font-semibold hover:text-neutral-700 focus:font-semibold focus:text-neutral-700 lg:block" style="padding-left:16px">Diabetes</span><span class="flex-0 leading-2xl flex items-center justify-between whitespace-nowrap rounded-lg bg-neutral-200 px-3 py-[10px] text-xs font-semibold text-neutral-700 outline-0 hover:cursor-pointer hover:text-neutral-700 focus:text-neutral-700 lg:hidden [&amp;:not(:last-child)]:mr-3">Diabetes</span></a><a title="Erkältung &amp; Grippe" href="/arzneimittel-gesundheit/erkaeltung-grippe"><span class="leading-xl mb-4 line-clamp-1 hidden text-sm text-neutral-700 hover:font-semibold hover:text-neutral-700 focus:font-semibold focus:text-neutral-700 lg:block" style="padding-left:16px">Erkältung &amp; Grippe</span><span class="flex-0 leading-2xl flex items-center justify-between whitespace-nowrap rounded-lg bg-neutral-200 px-3 py-[10px] text-xs font-semibold text-neutral-700 outline-0 hover:cursor-pointer hover:text-neutral-700 focus:text-neutral-700 lg:hidden [&amp;:not(:last-child)]:mr-3">Erkältung &amp; Grippe</span></a><a title="Frauengesundheit" href="/arzneimittel-gesundheit/frauengesundheit"><span class="leading-xl mb-4 line-clamp-1 hidden text-sm text-neutral-700 hover:font-semibold hover:text-neutral-700 focus:font-semibold focus:text-neutral-700 lg:block" style="padding-left:16px">Frauengesundheit</span><span class="flex-0 leading-2xl flex items-center justify-between whitespace-nowrap rounded-lg bg-neutral-200 px-3 py-[10px] text-xs font-semibold text-neutral-700 outline-0 hover:cursor-pointer hover:text-neutral-700 focus:text-neutral-700 lg:hidden [&amp;:not(:last-child)]:mr-3">Frauengesundheit</span></a><a title="Hanf &amp; CBD-Produkte" href="/arzneimittel-gesundheit/hanf-cbd-produkte"><span class="leading-xl mb-4 line-clamp-1 hidden text-sm text-neutral-700 hover:font-semibold hover:text-neutral-700 focus:font-semibold focus:text-neutral-700 lg:block" style="padding-left:16px">Hanf &amp; CBD-Produkte</span><span class="flex-0 leading-2xl flex items-center justify-between whitespace-nowrap rounded-lg bg-neutral-200 px-3 py-[10px] text-xs font-semibold text-neutral-700 outline-0 hover:cursor-pointer hover:text-neutral-700 focus:text-neutral-700 lg:hidden [&amp;:not(:last-child)]:mr-3">Hanf &amp; CBD-Produkte</span></a><a title="Haus- &amp; Reiseapotheke" href="/arzneimittel-gesundheit/haus-reiseapotheke"><span class="leading-xl mb-4 line-clamp-1 hidden text-sm text-neutral-700 hover:font-semibold hover:text-neutral-700 focus:font-semibold focus:text-neutral-700 lg:block" style="padding-left:16px">Haus- &amp; Reiseapotheke</span><span class="flex-0 leading-2xl flex items-center justify-between whitespace-nowrap rounded-lg bg-neutral-200 px-3 py-[10px] text-xs font-semibold text-neutral-700 outline-0 hover:cursor-pointer hover:text-neutral-700 focus:text-neutral-700 lg:hidden [&amp;:not(:last-child)]:mr-3">Haus- &amp; Reiseapotheke</span></a><a title="Haut, Haare &amp; Nägel" href="/arzneimittel-gesundheit/haut-haare-naegel"><span class="leading-xl mb-4 line-clamp-1 hidden text-sm text-neutral-700 hover:font-semibold hover:text-neutral-700 focus:font-semibold focus:text-neutral-700 lg:block" style="padding-left:16px">Haut, Haare &amp; Nägel</span><span class="flex-0 leading-2xl flex items-center justify-between whitespace-nowrap rounded-lg bg-neutral-200 px-3 py-[10px] text-xs font-semibold text-neutral-700 outline-0 hover:cursor-pointer hover:text-neutral-700 focus:text-neutral-700 lg:hidden [&amp;:not(:last-child)]:mr-3">Haut, Haare &amp; Nägel</span></a><a title="Herz, Kreislauf &amp; Gedächtnis" href="/arzneimittel-gesundheit/herz-kreislauf-gedaechtnis"><span class="leading-xl mb-4 line-clamp-1 hidden text-sm text-neutral-700 hover:font-semibold hover:text-neutral-700 focus:font-semibold focus:text-neutral-700 lg:block" style="padding-left:16px">Herz, Kreislauf &amp; Gedächtnis</span><span class="flex-0 leading-2xl flex items-center justify-between whitespace-nowrap rounded-lg bg-neutral-200 px-3 py-[10px] text-xs font-semibold text-neutral-700 outline-0 hover:cursor-pointer hover:text-neutral-700 focus:text-neutral-700 lg:hidden [&amp;:not(:last-child)]:mr-3">Herz, Kreislauf &amp; Gedächtnis</span></a><a title="Homöopathie &amp; Natur" href="/arzneimittel-gesundheit/homoeopathie-natur"><span class="leading-xl mb-4 line-clamp-1 hidden text-sm text-neutral-700 hover:font-semibold hover:text-neutral-700 focus:font-semibold focus:text-neutral-700 lg:block" style="padding-left:16px">Homöopathie &amp; Natur</span><span class="flex-0 leading-2xl flex items-center justify-between whitespace-nowrap rounded-lg bg-neutral-200 px-3 py-[10px] text-xs font-semibold text-neutral-700 outline-0 hover:cursor-pointer hover:text-neutral-700 focus:text-neutral-700 lg:hidden [&amp;:not(:last-child)]:mr-3">Homöopathie &amp; Natur</span></a><a title="Liebe &amp; Sexualität" href="/arzneimittel-gesundheit/liebe-sexualitaet"><span class="leading-xl mb-4 line-clamp-1 hidden text-sm text-neutral-700 hover:font-semibold hover:text-neutral-700 focus:font-semibold focus:text-neutral-700 lg:block" style="padding-left:16px">Liebe &amp; Sexualität</span><span class="flex-0 leading-2xl flex items-center justify-between whitespace-nowrap rounded-lg bg-neutral-200 px-3 py-[10px] text-xs font-semibold text-neutral-700 outline-0 hover:cursor-pointer hover:text-neutral-700 focus:text-neutral-700 lg:hidden [&amp;:not(:last-child)]:mr-3">Liebe &amp; Sexualität</span></a><a title="Magen, Darm &amp; Verdauung" href="/arzneimittel-gesundheit/magen-darm-verdauung"><span class="leading-xl mb-4 line-clamp-1 hidden text-sm text-neutral-700 hover:font-semibold hover:text-neutral-700 focus:font-semibold focus:text-neutral-700 lg:block" style="padding-left:16px">Magen, Darm &amp; Verdauung</span><span class="flex-0 leading-2xl flex items-center justify-between whitespace-nowrap rounded-lg bg-neutral-200 px-3 py-[10px] text-xs font-semibold text-neutral-700 outline-0 hover:cursor-pointer hover:text-neutral-700 focus:text-neutral-700 lg:hidden [&amp;:not(:last-child)]:mr-3">Magen, Darm &amp; Verdauung</span></a><a title="Mund- &amp; Zahngesundheit" href="/arzneimittel-gesundheit/mund-zahngesundheit"><span class="leading-xl mb-4 line-clamp-1 hidden text-sm text-neutral-700 hover:font-semibold hover:text-neutral-700 focus:font-semibold focus:text-neutral-700 lg:block" style="padding-left:16px">Mund- &amp; Zahngesundheit</span><span class="flex-0 leading-2xl flex items-center justify-between whitespace-nowrap rounded-lg bg-neutral-200 px-3 py-[10px] text-xs font-semibold text-neutral-700 outline-0 hover:cursor-pointer hover:text-neutral-700 focus:text-neutral-700 lg:hidden [&amp;:not(:last-child)]:mr-3">Mund- &amp; Zahngesundheit</span></a><a title="Muskeln, Knochen, Gelenke" href="/arzneimittel-gesundheit/muskeln-knochen-gelenke"><span class="leading-xl mb-4 line-clamp-1 hidden text-sm text-neutral-700 hover:font-semibold hover:text-neutral-700 focus:font-semibold focus:text-neutral-700 lg:block" style="padding-left:16px">Muskeln, Knochen, Gelenke</span><span class="flex-0 leading-2xl flex items-center justify-between whitespace-nowrap rounded-lg bg-neutral-200 px-3 py-[10px] text-xs font-semibold text-neutral-700 outline-0 hover:cursor-pointer hover:text-neutral-700 focus:text-neutral-700 lg:hidden [&amp;:not(:last-child)]:mr-3">Muskeln, Knochen, Gelenke</span></a><a title="Männergesundheit" href="/arzneimittel-gesundheit/maennergesundheit"><span class="leading-xl mb-4 line-clamp-1 hidden text-sm text-neutral-700 hover:font-semibold hover:text-neutral-700 focus:font-semibold focus:text-neutral-700 lg:block" style="padding-left:16px">Männergesundheit</span><span class="flex-0 leading-2xl flex items-center justify-between whitespace-nowrap rounded-lg bg-neutral-200 px-3 py-[10px] text-xs font-semibold text-neutral-700 outline-0 hover:cursor-pointer hover:text-neutral-700 focus:text-neutral-700 lg:hidden [&amp;:not(:last-child)]:mr-3">Männergesundheit</span></a><a title="Raucherentwöhnung" href="/arzneimittel-gesundheit/raucherentwoehnung"><span class="leading-xl mb-4 line-clamp-1 hidden text-sm text-neutral-700 hover:font-semibold hover:text-neutral-700 focus:font-semibold focus:text-neutral-700 lg:block" style="padding-left:16px">Raucherentwöhnung</span><span class="flex-0 leading-2xl flex items-center justify-between whitespace-nowrap rounded-lg bg-neutral-200 px-3 py-[10px] text-xs font-semibold text-neutral-700 outline-0 hover:cursor-pointer hover:text-neutral-700 focus:text-neutral-700 lg:hidden [&amp;:not(:last-child)]:mr-3">Raucherentwöhnung</span></a><a title="Schmerzmittel" href="/arzneimittel-gesundheit/schmerzmittel"><span class="leading-xl mb-4 line-clamp-1 hidden text-sm text-neutral-700 hover:font-semibold hover:text-neutral-700 focus:font-semibold focus:text-neutral-700 lg:block" style="padding-left:16px">Schmerzmittel</span><span class="flex-0 leading-2xl flex items-center justify-between whitespace-nowrap rounded-lg bg-neutral-200 px-3 py-[10px] text-xs font-semibold text-neutral-700 outline-0 hover:cursor-pointer hover:text-neutral-700 focus:text-neutral-700 lg:hidden [&amp;:not(:last-child)]:mr-3">Schmerzmittel</span></a><a title="Selbsttests" href="/arzneimittel-gesundheit/selbsttests"><span class="leading-xl mb-4 line-clamp-1 hidden text-sm text-neutral-700 hover:font-semibold hover:text-neutral-700 focus:font-semibold focus:text-neutral-700 lg:block" style="padding-left:16px">Selbsttests</span><span class="flex-0 leading-2xl flex items-center justify-between whitespace-nowrap rounded-lg bg-neutral-200 px-3 py-[10px] text-xs font-semibold text-neutral-700 outline-0 hover:cursor-pointer hover:text-neutral-700 focus:text-neutral-700 lg:hidden [&amp;:not(:last-child)]:mr-3">Selbsttests</span></a></div><div class="flex gap-4 overflow-auto lg:hidden"><a title="Allergie" href="/arzneimittel-gesundheit/allergie"><span class="leading-xl mb-4 line-clamp-1 hidden text-sm text-neutral-700 hover:font-semibold hover:text-neutral-700 focus:font-semibold focus:text-neutral-700 lg:block" style="padding-left:0px">Allergie</span><span class="flex-0 leading-2xl flex items-center justify-between whitespace-nowrap rounded-lg bg-neutral-200 px-3 py-[10px] text-xs font-semibold text-neutral-700 outline-0 hover:cursor-pointer hover:text-neutral-700 focus:text-neutral-700 lg:hidden [&amp;:not(:last-child)]:mr-3">Allergie</span></a><a title="Auge &amp; Ohr" href="/arzneimittel-gesundheit/auge-ohr"><span class="leading-xl mb-4 line-clamp-1 hidden text-sm text-neutral-700 hover:font-semibold hover:text-neutral-700 focus:font-semibold focus:text-neutral-700 lg:block" style="padding-left:0px">Auge &amp; Ohr</span><span class="flex-0 leading-2xl flex items-center justify-between whitespace-nowrap rounded-lg bg-neutral-200 px-3 py-[10px] text-xs font-semibold text-neutral-700 outline-0 hover:cursor-pointer hover:text-neutral-700 focus:text-neutral-700 lg:hidden [&amp;:not(:last-child)]:mr-3">Auge &amp; Ohr</span></a><a title="Beruhigung, Schlaf &amp; Stress" href="/arzneimittel-gesundheit/beruhigung-schlaf-stress"><span class="leading-xl mb-4 line-clamp-1 hidden text-sm text-neutral-700 hover:font-semibold hover:text-neutral-700 focus:font-semibold focus:text-neutral-700 lg:block" style="padding-left:0px">Beruhigung, Schlaf &amp; Stress</span><span class="flex-0 leading-2xl flex items-center justify-between whitespace-nowrap rounded-lg bg-neutral-200 px-3 py-[10px] text-xs font-semibold text-neutral-700 outline-0 hover:cursor-pointer hover:text-neutral-700 focus:text-neutral-700 lg:hidden [&amp;:not(:last-child)]:mr-3">Beruhigung, Schlaf &amp; Stress</span></a><a title="Blase, Niere &amp; Prostata" href="/arzneimittel-gesundheit/blase-niere-prostata"><span class="leading-xl mb-4 line-clamp-1 hidden text-sm text-neutral-700 hover:font-semibold hover:text-neutral-700 focus:font-semibold focus:text-neutral-700 lg:block" style="padding-left:0px">Blase, Niere &amp; Prostata</span><span class="flex-0 leading-2xl flex items-center justify-between whitespace-nowrap rounded-lg bg-neutral-200 px-3 py-[10px] text-xs font-semibold text-neutral-700 outline-0 hover:cursor-pointer hover:text-neutral-700 focus:text-neutral-700 lg:hidden [&amp;:not(:last-child)]:mr-3">Blase, Niere &amp; Prostata</span></a><a title="Diabetes" href="/arzneimittel-gesundheit/diabetes"><span class="leading-xl mb-4 line-clamp-1 hidden text-sm text-neutral-700 hover:font-semibold hover:text-neutral-700 focus:font-semibold focus:text-neutral-700 lg:block" style="padding-left:0px">Diabetes</span><span class="flex-0 leading-2xl flex items-center justify-between whitespace-nowrap rounded-lg bg-neutral-200 px-3 py-[10px] text-xs font-semibold text-neutral-700 outline-0 hover:cursor-pointer hover:text-neutral-700 focus:text-neutral-700 lg:hidden [&amp;:not(:last-child)]:mr-3">Diabetes</span></a><a title="Erkältung &amp; Grippe" href="/arzneimittel-gesundheit/erkaeltung-grippe"><span class="leading-xl mb-4 line-clamp-1 hidden text-sm text-neutral-700 hover:font-semibold hover:text-neutral-700 focus:font-semibold focus:text-neutral-700 lg:block" style="padding-left:0px">Erkältung &amp; Grippe</span><span class="flex-0 leading-2xl flex items-center justify-between whitespace-nowrap rounded-lg bg-neutral-200 px-3 py-[10px] text-xs font-semibold text-neutral-700 outline-0 hover:cursor-pointer hover:text-neutral-700 focus:text-neutral-700 lg:hidden [&amp;:not(:last-child)]:mr-3">Erkältung &amp; Grippe</span></a><a title="Frauengesundheit" href="/arzneimittel-gesundheit/frauengesundheit"><span class="leading-xl mb-4 line-clamp-1 hidden text-sm text-neutral-700 hover:font-semibold hover:text-neutral-700 focus:font-semibold focus:text-neutral-700 lg:block" style="padding-left:0px">Frauengesundheit</span><span class="flex-0 leading-2xl flex items-center justify-between whitespace-nowrap rounded-lg bg-neutral-200 px-3 py-[10px] text-xs font-semibold text-neutral-700 outline-0 hover:cursor-pointer hover:text-neutral-700 focus:text-neutral-700 lg:hidden [&amp;:not(:last-child)]:mr-3">Frauengesundheit</span></a><a title="Hanf &amp; CBD-Produkte" href="/arzneimittel-gesundheit/hanf-cbd-produkte"><span class="leading-xl mb-4 line-clamp-1 hidden text-sm text-neutral-700 hover:font-semibold hover:text-neutral-700 focus:font-semibold focus:text-neutral-700 lg:block" style="padding-left:0px">Hanf &amp; CBD-Produkte</span><span class="flex-0 leading-2xl flex items-center justify-between whitespace-nowrap rounded-lg bg-neutral-200 px-3 py-[10px] text-xs font-semibold text-neutral-700 outline-0 hover:cursor-pointer hover:text-neutral-700 focus:text-neutral-700 lg:hidden [&amp;:not(:last-child)]:mr-3">Hanf &amp; CBD-Produkte</span></a><a title="Haus- &amp; Reiseapotheke" href="/arzneimittel-gesundheit/haus-reiseapotheke"><span class="leading-xl mb-4 line-clamp-1 hidden text-sm text-neutral-700 hover:font-semibold hover:text-neutral-700 focus:font-semibold focus:text-neutral-700 lg:block" style="padding-left:0px">Haus- &amp; Reiseapotheke</span><span class="flex-0 leading-2xl flex items-center justify-between whitespace-nowrap rounded-lg bg-neutral-200 px-3 py-[10px] text-xs font-semibold text-neutral-700 outline-0 hover:cursor-pointer hover:text-neutral-700 focus:text-neutral-700 lg:hidden [&amp;:not(:last-child)]:mr-3">Haus- &amp; Reiseapotheke</span></a><a title="Haut, Haare &amp; Nägel" href="/arzneimittel-gesundheit/haut-haare-naegel"><span class="leading-xl mb-4 line-clamp-1 hidden text-sm text-neutral-700 hover:font-semibold hover:text-neutral-700 focus:font-semibold focus:text-neutral-700 lg:block" style="padding-left:0px">Haut, Haare &amp; Nägel</span><span class="flex-0 leading-2xl flex items-center justify-between whitespace-nowrap rounded-lg bg-neutral-200 px-3 py-[10px] text-xs font-semibold text-neutral-700 outline-0 hover:cursor-pointer hover:text-neutral-700 focus:text-neutral-700 lg:hidden [&amp;:not(:last-child)]:mr-3">Haut, Haare &amp; Nägel</span></a><a title="Herz, Kreislauf &amp; Gedächtnis" href="/arzneimittel-gesundheit/herz-kreislauf-gedaechtnis"><span class="leading-xl mb-4 line-clamp-1 hidden text-sm text-neutral-700 hover:font-semibold hover:text-neutral-700 focus:font-semibold focus:text-neutral-700 lg:block" style="padding-left:0px">Herz, Kreislauf &amp; Gedächtnis</span><span class="flex-0 leading-2xl flex items-center justify-between whitespace-nowrap rounded-lg bg-neutral-200 px-3 py-[10px] text-xs font-semibold text-neutral-700 outline-0 hover:cursor-pointer hover:text-neutral-700 focus:text-neutral-700 lg:hidden [&amp;:not(:last-child)]:mr-3">Herz, Kreislauf &amp; Gedächtnis</span></a><a title="Homöopathie &amp; Natur" href="/arzneimittel-gesundheit/homoeopathie-natur"><span class="leading-xl mb-4 line-clamp-1 hidden text-sm text-neutral-700 hover:font-semibold hover:text-neutral-700 focus:font-semibold focus:text-neutral-700 lg:block" style="padding-left:0px">Homöopathie &amp; Natur</span><span class="flex-0 leading-2xl flex items-center justify-between whitespace-nowrap rounded-lg bg-neutral-200 px-3 py-[10px] text-xs font-semibold text-neutral-700 outline-0 hover:cursor-pointer hover:text-neutral-700 focus:text-neutral-700 lg:hidden [&amp;:not(:last-child)]:mr-3">Homöopathie &amp; Natur</span></a><a title="Liebe &amp; Sexualität" href="/arzneimittel-gesundheit/liebe-sexualitaet"><span class="leading-xl mb-4 line-clamp-1 hidden text-sm text-neutral-700 hover:font-semibold hover:text-neutral-700 focus:font-semibold focus:text-neutral-700 lg:block" style="padding-left:0px">Liebe &amp; Sexualität</span><span class="flex-0 leading-2xl flex items-center justify-between whitespace-nowrap rounded-lg bg-neutral-200 px-3 py-[10px] text-xs font-semibold text-neutral-700 outline-0 hover:cursor-pointer hover:text-neutral-700 focus:text-neutral-700 lg:hidden [&amp;:not(:last-child)]:mr-3">Liebe &amp; Sexualität</span></a><a title="Magen, Darm &amp; Verdauung" href="/arzneimittel-gesundheit/magen-darm-verdauung"><span class="leading-xl mb-4 line-clamp-1 hidden text-sm text-neutral-700 hover:font-semibold hover:text-neutral-700 focus:font-semibold focus:text-neutral-700 lg:block" style="padding-left:0px">Magen, Darm &amp; Verdauung</span><span class="flex-0 leading-2xl flex items-center justify-between whitespace-nowrap rounded-lg bg-neutral-200 px-3 py-[10px] text-xs font-semibold text-neutral-700 outline-0 hover:cursor-pointer hover:text-neutral-700 focus:text-neutral-700 lg:hidden [&amp;:not(:last-child)]:mr-3">Magen, Darm &amp; Verdauung</span></a><a title="Mund- &amp; Zahngesundheit" href="/arzneimittel-gesundheit/mund-zahngesundheit"><span class="leading-xl mb-4 line-clamp-1 hidden text-sm text-neutral-700 hover:font-semibold hover:text-neutral-700 focus:font-semibold focus:text-neutral-700 lg:block" style="padding-left:0px">Mund- &amp; Zahngesundheit</span><span class="flex-0 leading-2xl flex items-center justify-between whitespace-nowrap rounded-lg bg-neutral-200 px-3 py-[10px] text-xs font-semibold text-neutral-700 outline-0 hover:cursor-pointer hover:text-neutral-700 focus:text-neutral-700 lg:hidden [&amp;:not(:last-child)]:mr-3">Mund- &amp; Zahngesundheit</span></a><a title="Muskeln, Knochen, Gelenke" href="/arzneimittel-gesundheit/muskeln-knochen-gelenke"><span class="leading-xl mb-4 line-clamp-1 hidden text-sm text-neutral-700 hover:font-semibold hover:text-neutral-700 focus:font-semibold focus:text-neutral-700 lg:block" style="padding-left:0px">Muskeln, Knochen, Gelenke</span><span class="flex-0 leading-2xl flex items-center justify-between whitespace-nowrap rounded-lg bg-neutral-200 px-3 py-[10px] text-xs font-semibold text-neutral-700 outline-0 hover:cursor-pointer hover:text-neutral-700 focus:text-neutral-700 lg:hidden [&amp;:not(:last-child)]:mr-3">Muskeln, Knochen, Gelenke</span></a><a title="Männergesundheit" href="/arzneimittel-gesundheit/maennergesundheit"><span class="leading-xl mb-4 line-clamp-1 hidden text-sm text-neutral-700 hover:font-semibold hover:text-neutral-700 focus:font-semibold focus:text-neutral-700 lg:block" style="padding-left:0px">Männergesundheit</span><span class="flex-0 leading-2xl flex items-center justify-between whitespace-nowrap rounded-lg bg-neutral-200 px-3 py-[10px] text-xs font-semibold text-neutral-700 outline-0 hover:cursor-pointer hover:text-neutral-700 focus:text-neutral-700 lg:hidden [&amp;:not(:last-child)]:mr-3">Männergesundheit</span></a><a title="Raucherentwöhnung" href="/arzneimittel-gesundheit/raucherentwoehnung"><span class="leading-xl mb-4 line-clamp-1 hidden text-sm text-neutral-700 hover:font-semibold hover:text-neutral-700 focus:font-semibold focus:text-neutral-700 lg:block" style="padding-left:0px">Raucherentwöhnung</span><span class="flex-0 leading-2xl flex items-center justify-between whitespace-nowrap rounded-lg bg-neutral-200 px-3 py-[10px] text-xs font-semibold text-neutral-700 outline-0 hover:cursor-pointer hover:text-neutral-700 focus:text-neutral-700 lg:hidden [&amp;:not(:last-child)]:mr-3">Raucherentwöhnung</span></a><a title="Schmerzmittel" href="/arzneimittel-gesundheit/schmerzmittel"><span class="leading-xl mb-4 line-clamp-1 hidden text-sm text-neutral-700 hover:font-semibold hover:text-neutral-700 focus:font-semibold focus:text-neutral-700 lg:block" style="padding-left:0px">Schmerzmittel</span><span class="flex-0 leading-2xl flex items-center justify-between whitespace-nowrap rounded-lg bg-neutral-200 px-3 py-[10px] text-xs font-semibold text-neutral-700 outline-0 hover:cursor-pointer hover:text-neutral-700 focus:text-neutral-700 lg:hidden [&amp;:not(:last-child)]:mr-3">Schmerzmittel</span></a><a title="Selbsttests" href="/arzneimittel-gesundheit/selbsttests"><span class="leading-xl mb-4 line-clamp-1 hidden text-sm text-neutral-700 hover:font-semibold hover:text-neutral-700 focus:font-semibold focus:text-neutral-700 lg:block" style="padding-left:0px">Selbsttests</span><span class="flex-0 leading-2xl flex items-center justify-between whitespace-nowrap rounded-lg bg-neutral-200 px-3 py-[10px] text-xs font-semibold text-neutral-700 outline-0 hover:cursor-pointer hover:text-neutral-700 focus:text-neutral-700 lg:hidden [&amp;:not(:last-child)]:mr-3">Selbsttests</span></a></div></nav><div class="hidden lg:block"><aside><div class="w-full max-w-[373px]" data-testid="after-search-navigation"><div class="flex flex-row items-center"><div class="leading-2xl mb-0 mr-4 text-xl font-normal" role="heading" aria-level="2">Filtern nach</div></div><div class="mt-8"><section aria-label="manufacturer.name" class="mb-6" data-testid="filter-section"><button type="button" title="Hersteller" class="text-gray-1 flex w-full items-center justify-between text-sm font-semibold hover:cursor-pointer" aria-expanded="false" aria-label="Hersteller Mehr anzeigen"><span>Hersteller</span><svg viewBox="0 0 24 24" fill="none" xmlns="http://www.w3.org/2000/svg" stroke="currentColor" stroke-width="1.5" stroke-linecap="round" stroke-linejoin="round" style="height:1rem;width:1rem" aria-label="plus" role="img"><path d="M21 12H3M12 3V21"></path></svg></button><div role="region" aria-label="Hersteller" aria-hidden="true" hidden=""><div class="flex max-h-[418px] flex-col" data-testid="manufacturer.name-options-container"><div class="overflow-y-auto"><label class="group flex flex-row justify-between items-center text-sm leading-2xl hyphens-auto break-all py-5 border-t first:border-t-0 hover:cursor-pointer lg:flex-row-reverse lg:justify-end lg:pb-0 lg:border-t-0"><div>DHU-Arzneimittel GmbH &amp; Co. KG<!-- --> <span data-testid="filter-results-counter">(<!-- -->2693<!-- -->)</span></div><input data-testid="filter-DHU-Arzneimittel GmbH &amp; Co. KG-select-option" type="checkbox" class="checkbox_checkbox__hAxCG group-hover:cursor-pointer lg:mr-4"/></label><label class="group flex flex-row justify-between items-center text-sm leading-2xl hyphens-auto break-all py-5 border-t first:border-t-0 hover:cursor-pointer lg:flex-row-reverse lg:justify-end lg:pb-0 lg:border-t-0"><div>BELSANA Medizinische Erzeugnisse, Zweigniederlassung der Ofa Bamberg GmbH<!-- --> <span data-testid="filter-results-counter">(<!-- -->2051<!-- -->)</span></div><input data-testid="filter-BELSANA Medizinische Erzeugnisse, Zweigniederlassung der Ofa Bamberg GmbH-select-option" type="checkbox" class="checkbox_checkbox__hAxCG group-hover:cursor-pointer lg:mr-4"/></label><label class="group flex flex-row justify-between items-center text-sm leading-2xl hyphens-auto break-all py-5 border-t first:border-t-0 hover:cursor-pointer lg:flex-row-reverse lg:justify-end lg:pb-0 lg:border-t-0"><div>1001 Artikel Medical GmbH<!-- --> <span data-testid="filter-results-counter">(<!-- -->1594<!-- -->)</span></div><input data-testid="filter-1001 Artikel Medical GmbH-select-option" type="checkbox" class="checkbox_checkbox__hAxCG group-hover:cursor-pointer lg:mr-4"/></label><label class="group flex flex-row justify-between items-center text-sm leading-2xl hyphens-auto break-all py-5 border-t first:border-t-0 hover:cursor-pointer lg:flex-row-reverse lg:justify-end lg:pb-0 lg:border-t-0"><div>ARCANA Dr. Sewerin GmbH &amp; Co.KG Arzneimittel-Herstellung<!-- --> <span data-testid="filter-results-counter">(<!-- -->1222<!-- -->)</span></div><input data-testid="filter-ARCANA Dr. Sewerin GmbH &amp; Co.KG Arzneimittel-Herstellung-select-option" type="checkbox" class="checkbox_checkbox__hAxCG group-hover:cursor-pointer lg:mr-4"/></label><label class="group flex flex-row justify-between items-center text-sm leading-2xl hyphens-auto break-all py-5 border-t first:border-t-0 hover:cursor-pointer lg:flex-row-reverse lg:justify-end lg:pb-0 lg:border-t-0"><div>NOBAMED Paul Danz AG<!-- --> <span data-testid="filter-results-counter">(<!-- -->1180<!-- -->)</span></div><input data-testid="filter-NOBAMED Paul Danz AG-select-option" type="checkbox" class="checkbox_checkbox__hAxCG group-hover:cursor-pointer lg:mr-4"/></label><label class="group flex flex-row justify-between items-center text-sm leading-2xl hyphens-auto break-all py-5 border-t first:border-t-0 hover:cursor-pointer lg:flex-row-reverse lg:justify-end lg:pb-0 lg:border-t-0"><div>BSN medical GmbH<!-- --> <span data-testid="filter-results-counter">(<!-- -->981<!-- -->)</span></div><input data-testid="filter-BSN medical GmbH-select-option" type="checkbox" class="checkbox_checkbox__hAxCG group-hover:cursor-pointer lg:mr-4"/></label><label class="group flex flex-row justify-between items-center text-sm leading-2xl hyphens-auto break-all py-5 border-t first:border-t-0 hover:cursor-pointer lg:flex-row-reverse lg:justify-end lg:pb-0 lg:border-t-0"><div>B. Braun Melsungen AG<!-- --> <span data-testid="filter-results-counter">(<!-- -->959<!-- -->)</span></div><input data-testid="filter-B. Braun Melsungen AG-select-option" type="checkbox" class="checkbox_checkbox__hAxCG group-hover:cursor-pointer lg:mr-4"/></label><button class="mt-5 hidden text-xs text-neutral-500 lg:block"><span>Alles anzeigen</span></button></div></div></div></section><section aria-label="brand_names" class="mb-6" data-testid="filter-section"><button type="button" title="Marke" class="text-gray-1 flex w-full items-center justify-between text-sm font-semibold hover:cursor-pointer" aria-expanded="false" aria-label="Marke Mehr anzeigen"><span>Marke</span><svg viewBox="0 0 24 24" fill="none" xmlns="http://www.w3.org/2000/svg" stroke="currentColor" stroke-width="1.5" stroke-linecap="round" stroke-linejoin="round" style="height:1rem;width:1rem" aria-label="plus" role="img"><path d="M21 12H3M12 3V21"></path></svg></button><div role="region" aria-label="Marke" aria-hidden="true" hidden=""><div class="flex max-h-[418px] flex-col" data-testid="brand_names-options-container"><div class="overflow-y-auto"><label class="group flex flex-row justify-between items-center text-sm leading-2xl hyphens-auto break-all py-5 border-t first:border-t-0 hover:cursor-pointer lg:flex-row-reverse lg:justify-end lg:pb-0 lg:border-t-0"><div>ARCANA<!-- --> <span data-testid="filter-results-counter">(<!-- -->8516<!-- -->)</span></div><input data-testid="filter-ARCANA-select-option" type="checkbox" class="checkbox_checkbox__hAxCG group-hover:cursor-pointer lg:mr-4"/></label><label class="group flex flex-row justify-between items-center text-sm leading-2xl hyphens-auto break-all py-5 border-t first:border-t-0 hover:cursor-pointer lg:flex-row-reverse lg:justify-end lg:pb-0 lg:border-t-0"><div>DHU<!-- --> <span data-testid="filter-results-counter">(<!-- -->5094<!-- -->)</span></div><input data-testid="filter-DHU-select-option" type="checkbox" class="checkbox_checkbox__hAxCG group-hover:cursor-pointer lg:mr-4"/></label><label class="group flex flex-row justify-between items-center text-sm leading-2xl hyphens-auto break-all py-5 border-t first:border-t-0 hover:cursor-pointer lg:flex-row-reverse lg:justify-end lg:pb-0 lg:border-t-0"><div>Wala<!-- --> <span data-testid="filter-results-counter">(<!-- -->1221<!-- -->)</span></div><input data-testid="filter-Wala-select-option" type="checkbox" class="checkbox_checkbox__hAxCG group-hover:cursor-pointer lg:mr-4"/></label><label class="group flex flex-row justify-between items-center text-sm leading-2xl hyphens-auto break-all py-5 border-t first:border-t-0 hover:cursor-pointer lg:flex-row-reverse lg:justify-end lg:pb-0 lg:border-t-0"><div>Spagyra<!-- --> <span data-testid="filter-results-counter">(<!-- -->758<!-- -->)</span></div><input data-testid="filter-Spagyra-select-option" type="checkbox" class="checkbox_checkbox__hAxCG group-hover:cursor-pointer lg:mr-4"/></label><label class="group flex flex-row justify-between items-center text-sm leading-2xl hyphens-auto break-all py-5 border-t first:border-t-0 hover:cursor-pointer lg:flex-row-reverse lg:justify-end lg:pb-0 lg:border-t-0"><div>Mepilex<!-- --> <span data-testid="filter-results-counter">(<!-- -->748<!-- -->)</span></div><input data-testid="filter-Mepilex-select-option" type="checkbox" class="checkbox_checkbox__hAxCG group-hover:cursor-pointer lg:mr-4"/></label><label class="group flex flex-row justify-between items-center text-sm leading-2xl hyphens-auto break-all py-5 border-t first:border-t-0 hover:cursor-pointer lg:flex-row-reverse lg:justify-end lg:pb-0 lg:border-t-0"><div>B.Braun<!-- --> <span data-testid="filter-results-counter">(<!-- -->648<!-- -->)</span></div><input data-testid="filter-B.Braun-select-option" type="checkbox" class="checkbox_checkbox__hAxCG group-hover:cursor-pointer lg:mr-4"/></label><label class="group flex flex-row justify-between items-center text-sm leading-2xl hyphens-auto break-all py-5 border-t first:border-t-0 hover:cursor-pointer lg:flex-row-reverse lg:justify-end lg:pb-0 lg:border-t-0"><div>Montana Eyewear<!-- --> <span data-testid="filter-results-counter">(<!-- -->616<!-- -->)</span></div><input data-testid="filter-Montana Eyewear-select-option" type="checkbox" class="checkbox_checkbox__hAxCG group-hover:cursor-pointer lg:mr-4"/></label><button class="mt-5 hidden text-xs text-neutral-500 lg:block"><span>Alles anzeigen</span></button></div></div></div></section><section aria-label="attributes.packaging_size" class="mb-6" data-testid="filter-section"><button type="button" title="Packungsgröße" class="text-gray-1 flex w-full items-center justify-between text-sm font-semibold hover:cursor-pointer" aria-expanded="false" aria-label="Packungsgröße Mehr anzeigen"><span>Packungsgröße</span><svg viewBox="0 0 24 24" fill="none" xmlns="http://www.w3.org/2000/svg" stroke="currentColor" stroke-width="1.5" stroke-linecap="round" stroke-linejoin="round" style="height:1rem;width:1rem" aria-label="plus" role="img"><path d="M21 12H3M12 3V21"></path></svg></button><div role="region" aria-label="Packungsgröße" aria-hidden="true" hidden=""><div class="flex max-h-[418px] flex-col" data-testid="attributes.packaging_size-options-container"><div class="overflow-y-auto"><label class="group flex flex-row justify-between items-center text-sm leading-2xl hyphens-auto break-all py-5 border-t first:border-t-0 hover:cursor-pointer lg:flex-row-reverse lg:justify-end lg:pb-0 lg:border-t-0"><div>1 St<!-- --> <span data-testid="filter-results-counter">(<!-- -->19928<!-- -->)</span></div><input data-testid="filter-1 St-select-option" type="checkbox" class="checkbox_checkbox__hAxCG group-hover:cursor-pointer lg:mr-4"/></label><label class="group flex flex-row justify-between items-center text-sm leading-2xl hyphens-auto break-all py-5 border-t first:border-t-0 hover:cursor-pointer lg:flex-row-reverse lg:justify-end lg:pb-0 lg:border-t-0"><div>10 St<!-- --> <span data-testid="filter-results-counter">(<!-- -->5932<!-- -->)</span></div><input data-testid="filter-10 St-select-option" type="checkbox" class="checkbox_checkbox__hAxCG group-hover:cursor-pointer lg:mr-4"/></label><label class="group flex flex-row justify-between items-center text-sm leading-2xl hyphens-auto break-all py-5 border-t first:border-t-0 hover:cursor-pointer lg:flex-row-reverse lg:justify-end lg:pb-0 lg:border-t-0"><div>100 St<!-- --> <span data-testid="filter-results-counter">(<!-- -->4863<!-- -->)</span></div><input data-testid="filter-100 St-select-option" type="checkbox" class="checkbox_checkbox__hAxCG group-hover:cursor-pointer lg:mr-4"/></label><label class="group flex flex-row justify-between items-center text-sm leading-2xl hyphens-auto break-all py-5 border-t first:border-t-0 hover:cursor-pointer lg:flex-row-reverse lg:justify-end lg:pb-0 lg:border-t-0"><div>2 St<!-- --> <span data-testid="filter-results-counter">(<!-- -->4223<!-- -->)</span></div><input data-testid="filter-2 St-select-option" type="checkbox" class="checkbox_checkbox__hAxCG group-hover:cursor-pointer lg:mr-4"/></label><label class="group flex flex-row justify-between items-center text-sm leading-2xl hyphens-auto break-all py-5 border-t first:border-t-0 hover:cursor-pointer lg:flex-row-reverse lg:justify-end lg:pb-0 lg:border-t-0"><div>10 ml<!-- --> <span data-testid="filter-results-counter">(<!-- -->2711<!-- -->)</span></div><input data-testid="filter-10 ml-select-option" type="checkbox" class="checkbox_checkbox__hAxCG group-hover:cursor-pointer lg:mr-4"/></label><label class="group flex flex-row justify-between items-center text-sm leading-2xl hyphens-auto break-all py-5 border-t first:border-t-0 hover:cursor-pointer lg:flex-row-reverse lg:justify-end lg:pb-0 lg:border-t-0"><div>100 ml<!-- --> <span data-testid="filter-results-counter">(<!-- -->2507<!-- -->)</span></div><input data-testid="filter-100 ml-select-option" type="checkbox" class="checkbox_checkbox__hAxCG group-hover:cursor-pointer lg:mr-4"/></label><label class="group flex flex-row justify-between items-center text-sm leading-2xl hyphens-auto break-all py-5 border-t first:border-t-0 hover:cursor-pointer lg:flex-row-reverse lg:justify-end lg:pb-0 lg:border-t-0"><div>50 ml<!-- --> <span data-testid="filter-results-counter">(<!-- -->2451<!-- -->)</span></div><input data-testid="filter-50 ml-select-option" type="checkbox" class="checkbox_checkbox__hAxCG group-hover:cursor-pointer lg:mr-4"/></label><button class="mt-5 hidden text-xs text-neutral-500 lg:block"><span>Alles anzeigen</span></button></div></div></div></section><section aria-label="pharmaceutical_properties.pharmaceutical_form" class="mb-6" data-testid="filter-section"><button type="button" title="Darreichungsform" class="text-gray-1 flex w-full items-center justify-between text-sm font-semibold hover:cursor-pointer" aria-expanded="false" aria-label="Darreichungsform Mehr anzeigen"><span>Darreichungsform</span><svg viewBox="0 0 24 24" fill="none" xmlns="http://www.w3.org/2000/svg" stroke="currentColor" stroke-width="1.5" stroke-linecap="round" stroke-linejoin="round" style="height:1rem;width:1rem" aria-label="plus" role="img"><path d="M21 12H3M12 3V21"></path></svg></button><div role="region" aria-label="Darreichungsform" aria-hidden="true" hidden=""><div class="flex max-h-[418px] flex-col" data-testid="pharmaceutical_properties.pharmaceutical_form-options-container"><div class="overflow-y-auto"><label class="group flex flex-row justify-between items-center text-sm leading-2xl hyphens-auto break-all py-5 border-t first:border-t-0 hover:cursor-pointer lg:flex-row-reverse lg:justify-end lg:pb-0 lg:border-t-0"><div>Binden<!-- --> <span data-testid="filter-results-counter">(<!-- -->5725<!-- -->)</span></div><input data-testid="filter-Binden-select-option" type="checkbox" class="checkbox_checkbox__hAxCG group-hover:cursor-pointer lg:mr-4"/></label><label class="group flex flex-row justify-between items-center text-sm leading-2xl hyphens-auto break-all py-5 border-t first:border-t-0 hover:cursor-pointer lg:flex-row-reverse lg:justify-end lg:pb-0 lg:border-t-0"><div>Verband<!-- --> <span data-testid="filter-results-counter">(<!-- -->5141<!-- -->)</span></div><input data-testid="filter-Verband-select-option" type="checkbox" class="checkbox_checkbox__hAxCG group-hover:cursor-pointer lg:mr-4"/></label><label class="group flex flex-row justify-between items-center text-sm leading-2xl hyphens-auto break-all py-5 border-t first:border-t-0 hover:cursor-pointer lg:flex-row-reverse lg:justify-end lg:pb-0 lg:border-t-0"><div>Pflaster<!-- --> <span data-testid="filter-results-counter">(<!-- -->3917<!-- -->)</span></div><input data-testid="filter-Pflaster-select-option" type="checkbox" class="checkbox_checkbox__hAxCG group-hover:cursor-pointer lg:mr-4"/></label><label class="group flex flex-row justify-between items-center text-sm leading-2xl hyphens-auto break-all py-5 border-t first:border-t-0 hover:cursor-pointer lg:flex-row-reverse lg:justify-end lg:pb-0 lg:border-t-0"><div>Kompressen<!-- --> <span data-testid="filter-results-counter">(<!-- -->3858<!-- -->)</span></div><input data-testid="filter-Kompressen-select-option" type="checkbox" class="checkbox_checkbox__hAxCG group-hover:cursor-pointer lg:mr-4"/></label><label class="group flex flex-row justify-between items-center text-sm leading-2xl hyphens-auto break-all py-5 border-t first:border-t-0 hover:cursor-pointer lg:flex-row-reverse lg:justify-end lg:pb-0 lg:border-t-0"><div>Kapseln<!-- --> <span data-testid="filter-results-counter">(<!-- -->3751<!-- -->)</span></div><input data-testid="filter-Kapseln-select-option" type="checkbox" class="checkbox_checkbox__hAxCG group-hover:cursor-pointer lg:mr-4"/></label><label class="group flex flex-row justify-between items-center text-sm leading-2xl hyphens-auto break-all py-5 border-t first:border-t-0 hover:cursor-pointer lg:flex-row-reverse lg:justify-end lg:pb-0 lg:border-t-0"><div>Dilution<!-- --> <span data-testid="filter-results-counter">(<!-- -->2344<!-- -->)</span></div><input data-testid="filter-Dilution-select-option" type="checkbox" class="checkbox_checkbox__hAxCG group-hover:cursor-pointer lg:mr-4"/></label><label class="group flex flex-row justify-between items-center text-sm leading-2xl hyphens-auto break-all py-5 border-t first:border-t-0 hover:cursor-pointer lg:flex-row-reverse lg:justify-end lg:pb-0 lg:border-t-0"><div>Kanüle<!-- --> <span data-testid="filter-results-counter">(<!-- -->2238<!-- -->)</span></div><input data-testid="filter-Kanüle-select-option" type="checkbox" class="checkbox_checkbox__hAxCG group-hover:cursor-pointer lg:mr-4"/></label><button class="mt-5 hidden text-xs text-neutral-500 lg:block"><span>Alles anzeigen</span></button></div></div></div></section><section aria-label="sales_type_filter" class="mb-6" data-testid="filter-section"><button type="button" title="Verkaufsart" class="text-gray-1 flex w-full items-center justify-between text-sm font-semibold hover:cursor-pointer" aria-expanded="false" aria-label="Verkaufsart Mehr anzeigen"><span>Verkaufsart</span><svg viewBox="0 0 24 24" fill="none" xmlns="http://www.w3.org/2000/svg" stroke="currentColor" stroke-width="1.5" stroke-linecap="round" stroke-linejoin="round" style="height:1rem;width:1rem" aria-label="plus" role="img"><path d="M21 12H3M12 3V21"></path></svg></button><div role="region" aria-label="Verkaufsart" aria-hidden="true" hidden=""><div class="flex max-h-[418px] flex-col" data-testid="sales_type_filter-options-container"><div class="overflow-y-auto"><label class="group flex flex-row justify-between items-center text-sm leading-2xl hyphens-auto break-all py-5 border-t first:border-t-0 hover:cursor-pointer lg:flex-row-reverse lg:justify-end lg:pb-0 lg:border-t-0"><div>Apothekenpflichtig<!-- --> <span data-testid="filter-results-counter">(<!-- -->110603<!-- -->)</span></div><input data-testid="filter-otc-select-option" type="checkbox" class="checkbox_checkbox__hAxCG group-hover:cursor-pointer lg:mr-4"/></label><label class="group flex flex-row justify-between items-center text-sm leading-2xl hyphens-auto break-all py-5 border-t first:border-t-0 hover:cursor-pointer lg:flex-row-reverse lg:justify-end lg:pb-0 lg:border-t-0"><div>Frei verkäuflich<!-- --> <span data-testid="filter-results-counter">(<!-- -->39068<!-- -->)</span></div><input data-testid="filter-bpc-select-option" type="checkbox" class="checkbox_checkbox__hAxCG group-hover:cursor-pointer lg:mr-4"/></label><label class="group flex flex-row justify-between items-center text-sm leading-2xl hyphens-auto break-all py-5 border-t first:border-t-0 hover:cursor-pointer lg:flex-row-reverse lg:justify-end lg:pb-0 lg:border-t-0"><div>Rezeptpflichtig<!-- --> <span data-testid="filter-results-counter">(<!-- -->1<!-- -->)</span></div><input data-testid="filter-rx-select-option" type="checkbox" class="checkbox_checkbox__hAxCG group-hover:cursor-pointer lg:mr-4"/></label></div></div></div></section><section aria-label="attributes.eigenschaften" class="mb-6" data-testid="filter-section"><button type="button" title="Produkteigenschaften" class="text-gray-1 flex w-full items-center justify-between text-sm font-semibold hover:cursor-pointer" aria-expanded="false" aria-label="Produkteigenschaften Mehr anzeigen"><span>Produkteigenschaften</span><svg viewBox="0 0 24 24" fill="none" xmlns="http://www.w3.org/2000/svg" stroke="currentColor" stroke-width="1.5" stroke-linecap="round" stroke-linejoin="round" style="height:1rem;width:1rem" aria-label="plus" role="img"><path d="M21 12H3M12 3V21"></path></svg></button><div role="region" aria-label="Produkteigenschaften" aria-hidden="true" hidden=""><div class="flex max-h-[418px] flex-col" data-testid="attributes.eigenschaften-options-container"><div class="overflow-y-auto"><label class="group flex flex-row justify-between items-center text-sm leading-2xl hyphens-auto break-all py-5 border-t first:border-t-0 hover:cursor-pointer lg:flex-row-reverse lg:justify-end lg:pb-0 lg:border-t-0"><div>glutenfrei<!-- --> <span data-testid="filter-results-counter">(<!-- -->6340<!-- -->)</span></div><input data-testid="filter-glutenfrei-select-option" type="checkbox" class="checkbox_checkbox__hAxCG group-hover:cursor-pointer lg:mr-4"/></label><label class="group flex flex-row justify-between items-center text-sm leading-2xl hyphens-auto break-all py-5 border-t first:border-t-0 hover:cursor-pointer lg:flex-row-reverse lg:justify-end lg:pb-0 lg:border-t-0"><div>vegan<!-- --> <span data-testid="filter-results-counter">(<!-- -->5775<!-- -->)</span></div><input data-testid="filter-vegan-select-option" type="checkbox" class="checkbox_checkbox__hAxCG group-hover:cursor-pointer lg:mr-4"/></label><label class="group flex flex-row justify-between items-center text-sm leading-2xl hyphens-auto break-all py-5 border-t first:border-t-0 hover:cursor-pointer lg:flex-row-reverse lg:justify-end lg:pb-0 lg:border-t-0"><div>alkoholfrei<!-- --> <span data-testid="filter-results-counter">(<!-- -->5732<!-- -->)</span></div><input data-testid="filter-alkoholfrei-select-option" type="checkbox" class="checkbox_checkbox__hAxCG group-hover:cursor-pointer lg:mr-4"/></label><label class="group flex flex-row justify-between items-center text-sm leading-2xl hyphens-auto break-all py-5 border-t first:border-t-0 hover:cursor-pointer lg:flex-row-reverse lg:justify-end lg:pb-0 lg:border-t-0"><div>homöopathisch<!-- --> <span data-testid="filter-results-counter">(<!-- -->5443<!-- -->)</span></div><input data-testid="filter-homöopathisch-select-option" type="checkbox" class="checkbox_checkbox__hAxCG group-hover:cursor-pointer lg:mr-4"/></label><label class="group flex flex-row justify-between items-center text-sm leading-2xl hyphens-auto break-all py-5 border-t first:border-t-0 hover:cursor-pointer lg:flex-row-reverse lg:justify-end lg:pb-0 lg:border-t-0"><div>laktosefrei<!-- --> <span data-testid="filter-results-counter">(<!-- -->5438<!-- -->)</span></div><input data-testid="filter-laktosefrei-select-option" type="checkbox" class="checkbox_checkbox__hAxCG group-hover:cursor-pointer lg:mr-4"/></label><label class="group flex flex-row justify-between items-center text-sm leading-2xl hyphens-auto break-all py-5 border-t first:border-t-0 hover:cursor-pointer lg:flex-row-reverse lg:justify-end lg:pb-0 lg:border-t-0"><div>vegetarisch<!-- --> <span data-testid="filter-results-counter">(<!-- -->4642<!-- -->)</span></div><input data-testid="filter-vegetarisch-select-option" type="checkbox" class="checkbox_checkbox__hAxCG group-hover:cursor-pointer lg:mr-4"/></label><label class="group flex flex-row justify-between items-center text-sm leading-2xl hyphens-auto break-all py-5 border-t first:border-t-0 hover:cursor-pointer lg:flex-row-reverse lg:justify-end lg:pb-0 lg:border-t-0"><div>pflanzlich<!-- --> <span data-testid="filter-results-counter">(<!-- -->3956<!-- -->)</span></div><input data-testid="filter-pflanzlich-select-option" type="checkbox" class="checkbox_checkbox__hAxCG group-hover:cursor-pointer lg:mr-4"/></label><button class="mt-5 hidden text-xs text-neutral-500 lg:block"><span>Alles anzeigen</span></button></div></div></div></section><section aria-label="attributes.geeignet_fuer" class="mb-6" data-testid="filter-section"><button type="button" title="Geeignet für" class="text-gray-1 flex w-full items-center justify-between text-sm font-semibold hover:cursor-pointer" aria-expanded="false" aria-label="Geeignet für Mehr anzeigen"><span>Geeignet für</span><svg viewBox="0 0 24 24" fill="none" xmlns="http://www.w3.org/2000/svg" stroke="currentColor" stroke-width="1.5" stroke-linecap="round" stroke-linejoin="round" style="height:1rem;width:1rem" aria-label="plus" role="img"><path d="M21 12H3M12 3V21"></path></svg></button><div role="region" aria-label="Geeignet für" aria-hidden="true" hidden=""><div class="flex max-h-[418px] flex-col" data-testid="attributes.geeignet_fuer-options-container"><div class="overflow-y-auto"><label class="group flex flex-row justify-between items-center text-sm leading-2xl hyphens-auto break-all py-5 border-t first:border-t-0 hover:cursor-pointer lg:flex-row-reverse lg:justify-end lg:pb-0 lg:border-t-0"><div>Diabetiker<!-- --> <span data-testid="filter-results-counter">(<!-- -->2250<!-- -->)</span></div><input data-testid="filter-Diabetiker-select-option" type="checkbox" class="checkbox_checkbox__hAxCG group-hover:cursor-pointer lg:mr-4"/></label><label class="group flex flex-row justify-between items-center text-sm leading-2xl hyphens-auto break-all py-5 border-t first:border-t-0 hover:cursor-pointer lg:flex-row-reverse lg:justify-end lg:pb-0 lg:border-t-0"><div>Schwangere<!-- --> <span data-testid="filter-results-counter">(<!-- -->1604<!-- -->)</span></div><input data-testid="filter-Schwangere-select-option" type="checkbox" class="checkbox_checkbox__hAxCG group-hover:cursor-pointer lg:mr-4"/></label><label class="group flex flex-row justify-between items-center text-sm leading-2xl hyphens-auto break-all py-5 border-t first:border-t-0 hover:cursor-pointer lg:flex-row-reverse lg:justify-end lg:pb-0 lg:border-t-0"><div>Stillzeit<!-- --> <span data-testid="filter-results-counter">(<!-- -->1569<!-- -->)</span></div><input data-testid="filter-Stillzeit-select-option" type="checkbox" class="checkbox_checkbox__hAxCG group-hover:cursor-pointer lg:mr-4"/></label><label class="group flex flex-row justify-between items-center text-sm leading-2xl hyphens-auto break-all py-5 border-t first:border-t-0 hover:cursor-pointer lg:flex-row-reverse lg:justify-end lg:pb-0 lg:border-t-0"><div>Allergiker<!-- --> <span data-testid="filter-results-counter">(<!-- -->804<!-- -->)</span></div><input data-testid="filter-Allergiker-select-option" type="checkbox" class="checkbox_checkbox__hAxCG group-hover:cursor-pointer lg:mr-4"/></label><label class="group flex flex-row justify-between items-center text-sm leading-2xl hyphens-auto break-all py-5 border-t first:border-t-0 hover:cursor-pointer lg:flex-row-reverse lg:justify-end lg:pb-0 lg:border-t-0"><div>Neurodermitis<!-- --> <span data-testid="filter-results-counter">(<!-- -->539<!-- -->)</span></div><input data-testid="filter-Neurodermitis-select-option" type="checkbox" class="checkbox_checkbox__hAxCG group-hover:cursor-pointer lg:mr-4"/></label></div></div></div></section><section aria-label="pricing.price" class="mb-6" data-testid="filter-section"><button type="button" title="Preis" class="text-gray-1 flex w-full items-center justify-between text-sm font-semibold hover:cursor-pointer" aria-expanded="false" aria-label="Preis Mehr anzeigen"><span>Preis</span><svg viewBox="0 0 24 24" fill="none" xmlns="http://www.w3.org/2000/svg" stroke="currentColor" stroke-width="1.5" stroke-linecap="round" stroke-linejoin="round" style="height:1rem;width:1rem" aria-label="plus" role="img"><path d="M21 12H3M12 3V21"></path></svg></button><div role="region" aria-label="Preis" aria-hidden="true" hidden=""><div class="flex max-h-[418px] flex-col" data-testid="pricing.price-options-container"><div class="mt-8 flex-1"><div class="InstantRangeSlider_rangeSlider__USafA" data-testid="range_slider"><div class="InstantRangeSlider_sliderTrack__Vp7KW bg-[linear-gradient(to_right,transparent_var(--start),var(--color-brand-500)_var(--start),var(--color-brand-500)_var(--end),transparent_var(--end))]"></div><input type="range" class="InstantRangeSlider_rangeInput___4RA7" min="0" max="9999" aria-label="range-silder-left" list="tick-list-pricing.price"/><output></output><input type="range" class="InstantRangeSlider_rangeInput___4RA7" min="0" max="9999" aria-label="range-silder-right" list="tick-list-pricing.price"/><output></output></div><datalist id="tick-list-pricing.price" class="flex justify-between px-2.5 py-3 text-xs"><div class="tick flex h-2.5 w-0.5 justify-center bg-neutral-600"><option value="0"></option><span class="mr-1 mt-2.5">0</span></div><div class="tick flex h-2.5 w-0.5 justify-center bg-neutral-600"><option value="9999"></option><span class="mr-1 mt-2.5">9999</span></div></datalist></div></div></div></section><section aria-label="rating.average_overall" class="mb-6" data-testid="filter-section"><button type="button" title="Bewertungen" class="text-gray-1 flex w-full items-center justify-between text-sm font-semibold hover:cursor-pointer" aria-expanded="false" aria-label="Bewertungen Mehr anzeigen"><span>Bewertungen</span><svg viewBox="0 0 24 24" fill="none" xmlns="http://www.w3.org/2000/svg" stroke="currentColor" stroke-width="1.5" stroke-linecap="round" stroke-linejoin="round" style="height:1rem;width:1rem" aria-label="plus" role="img"><path d="M21 12H3M12 3V21"></path></svg></button><div role="region" aria-label="Bewertungen" aria-hidden="true" hidden=""><div class="flex max-h-[418px] flex-col" data-testid="rating.average_overall-options-container"><div><label class="group flex flex-row justify-between items-center text-sm leading-2xl hyphens-auto break-all py-5 border-t first:border-t-0 hover:cursor-pointer lg:flex-row-reverse lg:justify-end lg:pb-0 lg:border-t-0"><div class="ml-4 flex flex-wrap gap-1"><div class="rating-stars_ratingStars__3z6v5" role="img" aria-label="5"><div class="rating-stars_stars__Y0Wwp"><svg xmlns="http://www.w3.org/2000/svg" viewBox="0 0 100 100" aria-hidden="true" aria-label="LEGACY_star-100-percent" style="width:1rem" role="img"><path fill="currentColor" d="m98 39.373-34.162-2.9L50.502 4.995l-13.34 31.486L3 39.381 28.933 61.85l-7.792 33.39 29.36-17.718 29.36 17.718-7.792-33.4z"></path></svg><svg xmlns="http://www.w3.org/2000/svg" viewBox="0 0 100 100" aria-hidden="true" aria-label="LEGACY_star-100-percent" style="width:1rem" role="img"><path fill="currentColor" d="m98 39.373-34.162-2.9L50.502 4.995l-13.34 31.486L3 39.381 28.933 61.85l-7.792 33.39 29.36-17.718 29.36 17.718-7.792-33.4z"></path></svg><svg xmlns="http://www.w3.org/2000/svg" viewBox="0 0 100 100" aria-hidden="true" aria-label="LEGACY_star-100-percent" style="width:1rem" role="img"><path fill="currentColor" d="m98 39.373-34.162-2.9L50.502 4.995l-13.34 31.486L3 39.381 28.933 61.85l-7.792 33.39 29.36-17.718 29.36 17.718-7.792-33.4z"></path></svg><svg xmlns="http://www.w3.org/2000/svg" viewBox="0 0 100 100" aria-hidden="true" aria-label="LEGACY_star-100-percent" style="width:1rem" role="img"><path fill="currentColor" d="m98 39.373-34.162-2.9L50.502 4.995l-13.34 31.486L3 39.381 28.933 61.85l-7.792 33.39 29.36-17.718 29.36 17.718-7.792-33.4z"></path></svg><svg xmlns="http://www.w3.org/2000/svg" viewBox="0 0 100 100" aria-hidden="true" aria-label="LEGACY_star-100-percent" style="width:1rem" role="img"><path fill="currentColor" d="m98 39.373-34.162-2.9L50.502 4.995l-13.34 31.486L3 39.381 28.933 61.85l-7.792 33.39 29.36-17.718 29.36 17.718-7.792-33.4z"></path></svg></div></div></div><input data-testid="filter-5-select-option" type="radio" class="radio-button_inputRadio__pElFY group-hover:cursor-pointer lg:mr-4"/></label><label class="group flex flex-row justify-between items-center text-sm leading-2xl hyphens-auto break-all py-5 border-t first:border-t-0 hover:cursor-pointer lg:flex-row-reverse lg:justify-end lg:pb-0 lg:border-t-0"><div class="ml-4 flex flex-wrap gap-1"><div class="rating-stars_ratingStars__3z6v5" role="img" aria-label="4"><div class="rating-stars_stars__Y0Wwp"><svg xmlns="http://www.w3.org/2000/svg" viewBox="0 0 100 100" aria-hidden="true" aria-label="LEGACY_star-100-percent" style="width:1rem" role="img"><path fill="currentColor" d="m98 39.373-34.162-2.9L50.502 4.995l-13.34 31.486L3 39.381 28.933 61.85l-7.792 33.39 29.36-17.718 29.36 17.718-7.792-33.4z"></path></svg><svg xmlns="http://www.w3.org/2000/svg" viewBox="0 0 100 100" aria-hidden="true" aria-label="LEGACY_star-100-percent" style="width:1rem" role="img"><path fill="currentColor" d="m98 39.373-34.162-2.9L50.502 4.995l-13.34 31.486L3 39.381 28.933 61.85l-7.792 33.39 29.36-17.718 29.36 17.718-7.792-33.4z"></path></svg><svg xmlns="http://www.w3.org/2000/svg" viewBox="0 0 100 100" aria-hidden="true" aria-label="LEGACY_star-100-percent" style="width:1rem" role="img"><path fill="currentColor" d="m98 39.373-34.162-2.9L50.502 4.995l-13.34 31.486L3 39.381 28.933 61.85l-7.792 33.39 29.36-17.718 29.36 17.718-7.792-33.4z"></path></svg><svg xmlns="http://www.w3.org/2000/svg" viewBox="0 0 100 100" aria-hidden="true" aria-label="LEGACY_star-100-percent" style="width:1rem" role="img"><path fill="currentColor" d="m98 39.373-34.162-2.9L50.502 4.995l-13.34 31.486L3 39.381 28.933 61.85l-7.792 33.39 29.36-17.718 29.36 17.718-7.792-33.4z"></path></svg><svg xmlns="http://www.w3.org/2000/svg" viewBox="0 0 100 100" aria-hidden="true" aria-label="LEGACY_star-0-percent" style="width:1rem" role="img"><path fill="currentColor" d="M49.5 15.682 59 38.104l.981 2.315 2.5.214 24.32 2.062-18.467 16-1.9 1.646.573 2.45 5.546 23.775-20.9-12.615-2.152-1.3-2.155 1.3-20.9 12.618 5.546-23.778.573-2.45-1.9-1.646-18.47-16 24.32-2.062 2.506-.214.979-2.315 9.5-22.418m0-10.682L36.16 36.48l-34.162 2.9 25.935 22.465-7.794 33.4L49.5 77.515l29.36 17.72-7.794-33.395 25.932-22.465-34.159-2.9L49.5 5.004z"></path></svg></div></div>&amp; mehr</div><input data-testid="filter-4-select-option" type="radio" class="radio-button_inputRadio__pElFY group-hover:cursor-pointer lg:mr-4"/></label><label class="group flex flex-row justify-between items-center text-sm leading-2xl hyphens-auto break-all py-5 border-t first:border-t-0 hover:cursor-pointer lg:flex-row-reverse lg:justify-end lg:pb-0 lg:border-t-0"><div class="ml-4 flex flex-wrap gap-1"><div class="rating-stars_ratingStars__3z6v5" role="img" aria-label="3"><div class="rating-stars_stars__Y0Wwp"><svg xmlns="http://www.w3.org/2000/svg" viewBox="0 0 100 100" aria-hidden="true" aria-label="LEGACY_star-100-percent" style="width:1rem" role="img"><path fill="currentColor" d="m98 39.373-34.162-2.9L50.502 4.995l-13.34 31.486L3 39.381 28.933 61.85l-7.792 33.39 29.36-17.718 29.36 17.718-7.792-33.4z"></path></svg><svg xmlns="http://www.w3.org/2000/svg" viewBox="0 0 100 100" aria-hidden="true" aria-label="LEGACY_star-100-percent" style="width:1rem" role="img"><path fill="currentColor" d="m98 39.373-34.162-2.9L50.502 4.995l-13.34 31.486L3 39.381 28.933 61.85l-7.792 33.39 29.36-17.718 29.36 17.718-7.792-33.4z"></path></svg><svg xmlns="http://www.w3.org/2000/svg" viewBox="0 0 100 100" aria-hidden="true" aria-label="LEGACY_star-100-percent" style="width:1rem" role="img"><path fill="currentColor" d="m98 39.373-34.162-2.9L50.502 4.995l-13.34 31.486L3 39.381 28.933 61.85l-7.792 33.39 29.36-17.718 29.36 17.718-7.792-33.4z"></path></svg><svg xmlns="http://www.w3.org/2000/svg" viewBox="0 0 100 100" aria-hidden="true" aria-label="LEGACY_star-0-percent" style="width:1rem" role="img"><path fill="currentColor" d="M49.5 15.682 59 38.104l.981 2.315 2.5.214 24.32 2.062-18.467 16-1.9 1.646.573 2.45 5.546 23.775-20.9-12.615-2.152-1.3-2.155 1.3-20.9 12.618 5.546-23.778.573-2.45-1.9-1.646-18.47-16 24.32-2.062 2.506-.214.979-2.315 9.5-22.418m0-10.682L36.16 36.48l-34.162 2.9 25.935 22.465-7.794 33.4L49.5 77.515l29.36 17.72-7.794-33.395 25.932-22.465-34.159-2.9L49.5 5.004z"></path></svg><svg xmlns="http://www.w3.org/2000/svg" viewBox="0 0 100 100" aria-hidden="true" aria-label="LEGACY_star-0-percent" style="width:1rem" role="img"><path fill="currentColor" d="M49.5 15.682 59 38.104l.981 2.315 2.5.214 24.32 2.062-18.467 16-1.9 1.646.573 2.45 5.546 23.775-20.9-12.615-2.152-1.3-2.155 1.3-20.9 12.618 5.546-23.778.573-2.45-1.9-1.646-18.47-16 24.32-2.062 2.506-.214.979-2.315 9.5-22.418m0-10.682L36.16 36.48l-34.162 2.9 25.935 22.465-7.794 33.4L49.5 77.515l29.36 17.72-7.794-33.395 25.932-22.465-34.159-2.9L49.5 5.004z"></path></svg></div></div>&amp; mehr</div><input data-testid="filter-3-select-option" type="radio" class="radio-button_inputRadio__pElFY group-hover:cursor-pointer lg:mr-4"/></label><label class="group flex flex-row justify-between items-center text-sm leading-2xl hyphens-auto break-all py-5 border-t first:border-t-0 hover:cursor-pointer lg:flex-row-reverse lg:justify-end lg:pb-0 lg:border-t-0"><div class="ml-4 flex flex-wrap gap-1"><div class="rating-stars_ratingStars__3z6v5" role="img" aria-label="2"><div class="rating-stars_stars__Y0Wwp"><svg xmlns="http://www.w3.org/2000/svg" viewBox="0 0 100 100" aria-hidden="true" aria-label="LEGACY_star-100-percent" style="width:1rem" role="img"><path fill="currentColor" d="m98 39.373-34.162-2.9L50.502 4.995l-13.34 31.486L3 39.381 28.933 61.85l-7.792 33.39 29.36-17.718 29.36 17.718-7.792-33.4z"></path></svg><svg xmlns="http://www.w3.org/2000/svg" viewBox="0 0 100 100" aria-hidden="true" aria-label="LEGACY_star-100-percent" style="width:1rem" role="img"><path fill="currentColor" d="m98 39.373-34.162-2.9L50.502 4.995l-13.34 31.486L3 39.381 28.933 61.85l-7.792 33.39 29.36-17.718 29.36 17.718-7.792-33.4z"></path></svg><svg xmlns="http://www.w3.org/2000/svg" viewBox="0 0 100 100" aria-hidden="true" aria-label="LEGACY_star-0-percent" style="width:1rem" role="img"><path fill="currentColor" d="M49.5 15.682 59 38.104l.981 2.315 2.5.214 24.32 2.062-18.467 16-1.9 1.646.573 2.45 5.546 23.775-20.9-12.615-2.152-1.3-2.155 1.3-20.9 12.618 5.546-23.778.573-2.45-1.9-1.646-18.47-16 24.32-2.062 2.506-.214.979-2.315 9.5-22.418m0-10.682L36.16 36.48l-34.162 2.9 25.935 22.465-7.794 33.4L49.5 77.515l29.36 17.72-7.794-33.395 25.932-22.465-34.159-2.9L49.5 5.004z"></path></svg><svg xmlns="http://www.w3.org/2000/svg" viewBox="0 0 100 100" aria-hidden="true" aria-label="LEGACY_star-0-percent" style="width:1rem" role="img"><path fill="currentColor" d="M49.5 15.682 59 38.104l.981 2.315 2.5.214 24.32 2.062-18.467 16-1.9 1.646.573 2.45 5.546 23.775-20.9-12.615-2.152-1.3-2.155 1.3-20.9 12.618 5.546-23.778.573-2.45-1.9-1.646-18.47-16 24.32-2.062 2.506-.214.979-2.315 9.5-22.418m0-10.682L36.16 36.48l-34.162 2.9 25.935 22.465-7.794 33.4L49.5 77.515l29.36 17.72-7.794-33.395 25.932-22.465-34.159-2.9L49.5 5.004z"></path></svg><svg xmlns="http://www.w3.org/2000/svg" viewBox="0 0 100 100" aria-hidden="true" aria-label="LEGACY_star-0-percent" style="width:1rem" role="img"><path fill="currentColor" d="M49.5 15.682 59 38.104l.981 2.315 2.5.214 24.32 2.062-18.467 16-1.9 1.646.573 2.45 5.546 23.775-20.9-12.615-2.152-1.3-2.155 1.3-20.9 12.618 5.546-23.778.573-2.45-1.9-1.646-18.47-16 24.32-2.062 2.506-.214.979-2.315 9.5-22.418m0-10.682L36.16 36.48l-34.162 2.9 25.935 22.465-7.794 33.4L49.5 77.515l29.36 17.72-7.794-33.395 25.932-22.465-34.159-2.9L49.5 5.004z"></path></svg></div></div>&amp; mehr</div><input data-testid="filter-2-select-option" type="radio" class="radio-button_inputRadio__pElFY group-hover:cursor-pointer lg:mr-4"/></label><label class="group flex flex-row justify-between items-center text-sm leading-2xl hyphens-auto break-all py-5 border-t first:border-t-0 hover:cursor-pointer lg:flex-row-reverse lg:justify-end lg:pb-0 lg:border-t-0"><div class="ml-4 flex flex-wrap gap-1"><div class="rating-stars_ratingStars__3z6v5" role="img" aria-label="1"><div class="rating-stars_stars__Y0Wwp"><svg xmlns="http://www.w3.org/2000/svg" viewBox="0 0 100 100" aria-hidden="true" aria-label="LEGACY_star-100-percent" style="width:1rem" role="img"><path fill="currentColor" d="m98 39.373-34.162-2.9L50.502 4.995l-13.34 31.486L3 39.381 28.933 61.85l-7.792 33.39 29.36-17.718 29.36 17.718-7.792-33.4z"></path></svg><svg xmlns="http://www.w3.org/2000/svg" viewBox="0 0 100 100" aria-hidden="true" aria-label="LEGACY_star-0-percent" style="width:1rem" role="img"><path fill="currentColor" d="M49.5 15.682 59 38.104l.981 2.315 2.5.214 24.32 2.062-18.467 16-1.9 1.646.573 2.45 5.546 23.775-20.9-12.615-2.152-1.3-2.155 1.3-20.9 12.618 5.546-23.778.573-2.45-1.9-1.646-18.47-16 24.32-2.062 2.506-.214.979-2.315 9.5-22.418m0-10.682L36.16 36.48l-34.162 2.9 25.935 22.465-7.794 33.4L49.5 77.515l29.36 17.72-7.794-33.395 25.932-22.465-34.159-2.9L49.5 5.004z"></path></svg><svg xmlns="http://www.w3.org/2000/svg" viewBox="0 0 100 100" aria-hidden="true" aria-label="LEGACY_star-0-percent" style="width:1rem" role="img"><path fill="currentColor" d="M49.5 15.682 59 38.104l.981 2.315 2.5.214 24.32 2.062-18.467 16-1.9 1.646.573 2.45 5.546 23.775-20.9-12.615-2.152-1.3-2.155 1.3-20.9 12.618 5.546-23.778.573-2.45-1.9-1.646-18.47-16 24.32-2.062 2.506-.214.979-2.315 9.5-22.418m0-10.682L36.16 36.48l-34.162 2.9 25.935 22.465-7.794 33.4L49.5 77.515l29.36 17.72-7.794-33.395 25.932-22.465-34.159-2.9L49.5 5.004z"></path></svg><svg xmlns="http://www.w3.org/2000/svg" viewBox="0 0 100 100" aria-hidden="true" aria-label="LEGACY_star-0-percent" style="width:1rem" role="img"><path fill="currentColor" d="M49.5 15.682 59 38.104l.981 2.315 2.5.214 24.32 2.062-18.467 16-1.9 1.646.573 2.45 5.546 23.775-20.9-12.615-2.152-1.3-2.155 1.3-20.9 12.618 5.546-23.778.573-2.45-1.9-1.646-18.47-16 24.32-2.062 2.506-.214.979-2.315 9.5-22.418m0-10.682L36.16 36.48l-34.162 2.9 25.935 22.465-7.794 33.4L49.5 77.515l29.36 17.72-7.794-33.395 25.932-22.465-34.159-2.9L49.5 5.004z"></path></svg><svg xmlns="http://www.w3.org/2000/svg" viewBox="0 0 100 100" aria-hidden="true" aria-label="LEGACY_star-0-percent" style="width:1rem" role="img"><path fill="currentColor" d="M49.5 15.682 59 38.104l.981 2.315 2.5.214 24.32 2.062-18.467 16-1.9 1.646.573 2.45 5.546 23.775-20.9-12.615-2.152-1.3-2.155 1.3-20.9 12.618 5.546-23.778.573-2.45-1.9-1.646-18.47-16 24.32-2.062 2.506-.214.979-2.315 9.5-22.418m0-10.682L36.16 36.48l-34.162 2.9 25.935 22.465-7.794 33.4L49.5 77.515l29.36 17.72-7.794-33.395 25.932-22.465-34.159-2.9L49.5 5.004z"></path></svg></div></div>&amp; mehr</div><input data-testid="filter-1-select-option" type="radio" class="radio-button_inputRadio__pElFY group-hover:cursor-pointer lg:mr-4"/></label></div></div></div></section><section aria-label="attributes.docmorris_labels" class="mb-6" data-testid="filter-section"><button type="button" title="Merkmale" class="text-gray-1 flex w-full items-center justify-between text-sm font-semibold hover:cursor-pointer" aria-expanded="false" aria-label="Merkmale Mehr anzeigen"><span>Merkmale</span><svg viewBox="0 0 24 24" fill="none" xmlns="http://www.w3.org/2000/svg" stroke="currentColor" stroke-width="1.5" stroke-linecap="round" stroke-linejoin="round" style="height:1rem;width:1rem" aria-label="plus" role="img"><path d="M21 12H3M12 3V21"></path></svg></button><div role="region" aria-label="Merkmale" aria-hidden="true" hidden=""><div class="flex max-h-[418px] flex-col" data-testid="attributes.docmorris_labels-options-container"><div class="overflow-y-auto"><label class="group flex flex-row justify-between items-center text-sm leading-2xl hyphens-auto break-all py-5 border-t first:border-t-0 hover:cursor-pointer lg:flex-row-reverse lg:justify-end lg:pb-0 lg:border-t-0"><div>Neu<!-- --> <span data-testid="filter-results-counter">(<!-- -->1799<!-- -->)</span></div><input data-testid="filter-Neu-select-option" type="checkbox" class="checkbox_checkbox__hAxCG group-hover:cursor-pointer lg:mr-4"/></label></div></div></div></section></div></div></aside></div></div></div><div class="[grid-area:main]"><div class="mt-2 flex items-center justify-between whitespace-nowrap"><div class="lg:hidden"><button data-testid="filter-modal-button" class="text-xs leading-sm flex items-center justify-between py-2 px-[10px] bg-neutral-200
font-semibold rounded-lg outline-0 hover:cursor-pointer [&amp;:not(:last-child)]:mr-3 relative"><svg viewBox="0 0 24 24" fill="none" xmlns="http://www.w3.org/2000/svg" stroke="currentColor" stroke-width="1.5" stroke-linecap="round" stroke-linejoin="round" style="height:1.5rem;width:1.5rem" aria-label="filter" role="img"><path fill-rule="evenodd" clip-rule="evenodd" d="M14.5 13.5L19.707 8.293C19.895 8.105 20 7.851 20 7.586V5C20 4.448 19.552 4 19 4H5C4.448 4 4 4.448 4 5V7.586C4 7.851 4.105 8.106 4.293 8.293L9.5 13.5"></path><path fill-rule="evenodd" clip-rule="evenodd" d="M9.5 13.5V19.749C9.5 20.562 10.264 21.159 11.053 20.962L13.553 20.337C14.109 20.198 14.5 19.698 14.5 19.124V13.5"></path></svg></button></div><div class="hidden lg:block"><div data-testid="selected-filter-chips"><div class="flex w-full flex-wrap gap-2 lg:flex-1"></div></div></div><div class="relative py-2 text-xs text-neutral-600"><div data-testid="product-listing-result-sorter" class="flex items-center gap-1">Sortieren nach<span class="cursor-pointer font-bold">Relevanz</span><svg viewBox="0 0 24 24" fill="none" xmlns="http://www.w3.org/2000/svg" stroke="currentColor" stroke-width="1.5" stroke-linecap="round" stroke-linejoin="round" style="height:1rem;width:1rem" aria-label="sort" role="img"><path d="M10 8L7 5L4 8"></path><path d="M7 19V5"></path><path d="M14 16L17 19L20 16"></path><path d="M17 5V19"></path></svg></div></div></div><div class="sm:hidden"><div><div class="w-full border-b border-b-neutral-300" style="height:16px"></div><div style="height:16px"></div></div></div><div class="mt-8"><div class="tablet:grid-cols-4 md:grid-cols-3 md:grid md:gap-x-[min(2%,_16px)] md:gap-y-8"><div data-testid="search-grid-product-card-wrapper" class="col-span-1 row-span-1"><hr class="md:hidden"/><div class="h-full"><a data-testid="product-card" title="Heumann Ibuprofen Schmerztabletten 400 mg Filmtabletten 50 St" class="hover:shadow-card relative flex h-full max-w-full cursor-pointer gap-2 rounded-lg pb-2 hover:outline-transparent focus:outline-transparent sm:pt-2 md:flex-col md:gap-0 md:px-[min(8%,_16px)]" href="/heumann-ibuprofen-schmerztabletten-400-mg-filmtabletten/07728561"><div data-testid="product-details" class="relative flex flex-col md:pt-4"><div data-testid="badges-container" class="absolute left-0 top-[1rem] z-10 flex gap-1"></div><div class="flex justify-center"><div class="relative flex overflow-hidden"><img alt="Heumann Ibuprofen Schmerztabletten 400 mg Filmtabletten 50 St" loading="lazy" width="180" height="180" decoding="async" data-nimg="1" style="color:transparent" src="https://statics.docmorris.de/static/produkte/FX5CCQ6V/docmorris/ps300r/heumann-ibuprofen-schmerztabletten-400-mg-filmtabl-07728561-0-1716367448458830.jpeg"/><span data-testid="skeleton" class="inline-block Skeleton_skeletonAnimation__7iWXi" style="width:180px;height:180px;position:absolute"></span></div></div></div><div class="relative flex min-w-0 flex-1 flex-col"><div class="flex flex-col justify-between"><div class="flex flex-col justify-between"><div data-testid="product-name" title="Heumann Ibuprofen Schmerztabletten 400 mg Filmtabletten 50 St" class="mb-0 line-clamp-2 h-[3.125rem] max-w-[13rem] break-words text-base font-semibold leading-6 text-neutral-700 focus-within:no-underline focus-within:outline-transparent hover:text-neutral-700 focus:text-neutral-700 focus:underline" role="heading" aria-level="2">Heumann Ibuprofen Schmerztabletten 400 mg Filmtabletten 50 St</div><div class="leading-2xl h-[1.125rem] truncate text-xs font-semibold text-neutral-600"><span>50 St</span><span> • <!-- -->Filmtabletten</span></div><div title="HEUMANN PHARMA GmbH &amp; Co. Generica KG" class="w-[95%] overflow-hidden truncate text-xs font-semibold leading-5 text-neutral-600"><span>HEUMANN PHARMA GmbH &amp; Co. Generica KG</span></div><div class="bold font flex h-5 items-center text-sm"><div class="rating-stars_ratingStars__3z6v5" role="img" aria-label="4.83 von 5 Sternen (699 Bewertungen)"><div class="rating-stars_stars__Y0Wwp"><svg xmlns="http://www.w3.org/2000/svg" viewBox="0 0 100 100" aria-hidden="true" aria-label="LEGACY_star-100-percent" style="width:1rem" role="img"><path fill="currentColor" d="m98 39.373-34.162-2.9L50.502 4.995l-13.34 31.486L3 39.381 28.933 61.85l-7.792 33.39 29.36-17.718 29.36 17.718-7.792-33.4z"></path></svg><svg xmlns="http://www.w3.org/2000/svg" viewBox="0 0 100 100" aria-hidden="true" aria-label="LEGACY_star-100-percent" style="width:1rem" role="img"><path fill="currentColor" d="m98 39.373-34.162-2.9L50.502 4.995l-13.34 31.486L3 39.381 28.933 61.85l-7.792 33.39 29.36-17.718 29.36 17.718-7.792-33.4z"></path></svg><svg xmlns="http://www.w3.org/2000/svg" viewBox="0 0 100 100" aria-hidden="true" aria-label="LEGACY_star-100-percent" style="width:1rem" role="img"><path fill="currentColor" d="m98 39.373-34.162-2.9L50.502 4.995l-13.34 31.486L3 39.381 28.933 61.85l-7.792 33.39 29.36-17.718 29.36 17.718-7.792-33.4z"></path></svg><svg xmlns="http://www.w3.org/2000/svg" viewBox="0 0 100 100" aria-hidden="true" aria-label="LEGACY_star-100-percent" style="width:1rem" role="img"><path fill="currentColor" d="m98 39.373-34.162-2.9L50.502 4.995l-13.34 31.486L3 39.381 28.933 61.85l-7.792 33.39 29.36-17.718 29.36 17.718-7.792-33.4z"></path></svg><svg xmlns="http://www.w3.org/2000/svg" viewBox="0 0 100 100" aria-hidden="true" aria-label="LEGACY_star-100-percent" style="width:1rem" role="img"><path fill="currentColor" d="m98 39.373-34.162-2.9L50.502 4.995l-13.34 31.486L3 39.381 28.933 61.85l-7.792 33.39 29.36-17.718 29.36 17.718-7.792-33.4z"></path></svg></div><div aria-hidden="true"><span class="ml-1 !text-nowrap text-xs font-normal leading-4 tracking-wide text-neutral-500">(<!-- -->699<!-- -->)</span></div></div></div></div><div class="mt-2 md:mt-4"><div class="h-4 w-[60%]"><div class="text-sm leading-4xl font-normal whitespace-nowrap text-neutral-700" data-testid="recommended-retail-price"><span><span><s class="relative no-underline after:absolute after:text-[#F10] after:tablet:text-red-400 after:left-0 after:right-0 after:top-[45%] after:rotate-[-15deg] text-neutral-700 after:border-t after:border-current">11,84 €</s><span>*</span></span></span></div></div><div class="mt-2 flex gap-1 pb-4"><div data-testid="discount-badge"><span class="sr-only">Rabattstempel</span><div class="flex items-center justify-center text-right whitespace-nowrap select-none rounded leading-2xl min-w-[2.5rem] max-w-[17.5rem] bg-brand-accent-primary text-white"><div role="status" class="inline-flex items-center gap-x-1 text-xs px-2 py-1 font-semibold"><span>-69%</span></div></div></div><div class="flex text-neutral-700 whitespace-nowrap leading-price text-[1.625rem] mt-[0.125rem]" data-testid="sales-price"><span class="sr-only">Verkaufspreis<!-- -->:<span>3,69 €</span></span><span aria-hidden="true" class="font-bold">3<!-- -->,</span><div class="flex flex-col justify-between"><sup aria-hidden="true" class="top-0 -translate-x-[0.5em] text-[45%] font-bold leading-none">69 €</sup><div class="translate-y-[10%] pl-1"><div class="text-2xs leading-4xl whitespace-nowrap text-neutral-700 tracking-[0.14px]" data-testid="base-price"><span class="sr-only">Grundpreis<!-- -->:</span><span>0.07 €/St</span></div></div></div></div></div><div class="font-base text-2xs leading-5xl h-4 text-neutral-600">+ Weitere Packungsgrößen</div></div></div></div></a></div></div><div data-testid="search-grid-product-card-wrapper" class="col-span-1 row-span-1"><hr class="md:hidden"/><div class="h-full"><a data-testid="product-card" title="Bepanthen Augen- und Nasensalbe 10 g" class="hover:shadow-card relative flex h-full max-w-full cursor-pointer gap-2 rounded-lg pb-2 hover:outline-transparent focus:outline-transparent sm:pt-2 md:flex-col md:gap-0 md:px-[min(8%,_16px)]" href="/bepanthen-augen-und-nasensalbe/01578675"><div data-testid="product-details" class="relative flex flex-col md:pt-4"><div data-testid="badges-container" class="absolute left-0 top-[1rem] z-10 flex gap-1"></div><div class="flex justify-center"><div class="relative flex overflow-hidden"><img alt="Bepanthen Augen- und Nasensalbe 10 g" loading="lazy" width="180" height="180" decoding="async" data-nimg="1" style="color:transparent" src="https://statics.docmorris.de/static/produkte/FX5UP9SI/docmorris/ps300r/bepanthen-augen-und-nasensalbe-10-g-01578675-0-1713969348924170.jpeg"/><span data-testid="skeleton" class="inline-block Skeleton_skeletonAnimation__7iWXi" style="width:180px;height:180px;position:absolute"></span></div></div></div><div class="relative flex min-w-0 flex-1 flex-col"><div class="flex flex-col justify-between"><div class="flex flex-col justify-between"><div data-testid="product-name" title="Bepanthen Augen- und Nasensalbe 10 g" class="mb-0 line-clamp-2 h-[3.125rem] max-w-[13rem] break-words text-base font-semibold leading-6 text-neutral-700 focus-within:no-underline focus-within:outline-transparent hover:text-neutral-700 focus:text-neutral-700 focus:underline" role="heading" aria-level="2">Bepanthen Augen- und Nasensalbe 10 g</div><div class="leading-2xl h-[1.125rem] truncate text-xs font-semibold text-neutral-600"><span>10 g</span><span> • <!-- -->Augen- und Nasensalbe</span></div><div title="Bayer Vital GmbH Geschäftsbereich Selbstmedikation" class="w-[95%] overflow-hidden truncate text-xs font-semibold leading-5 text-neutral-600"><span>Bayer Vital GmbH Geschäftsbereich Selbstmedikation</span></div><div class="bold font flex h-5 items-center text-sm"><div class="rating-stars_ratingStars__3z6v5" role="img" aria-label="4.81 von 5 Sternen (1878 Bewertungen)"><div class="rating-stars_stars__Y0Wwp"><svg xmlns="http://www.w3.org/2000/svg" viewBox="0 0 100 100" aria-hidden="true" aria-label="LEGACY_star-100-percent" style="width:1rem" role="img"><path fill="currentColor" d="m98 39.373-34.162-2.9L50.502 4.995l-13.34 31.486L3 39.381 28.933 61.85l-7.792 33.39 29.36-17.718 29.36 17.718-7.792-33.4z"></path></svg><svg xmlns="http://www.w3.org/2000/svg" viewBox="0 0 100 100" aria-hidden="true" aria-label="LEGACY_star-100-percent" style="width:1rem" role="img"><path fill="currentColor" d="m98 39.373-34.162-2.9L50.502 4.995l-13.34 31.486L3 39.381 28.933 61.85l-7.792 33.39 29.36-17.718 29.36 17.718-7.792-33.4z"></path></svg><svg xmlns="http://www.w3.org/2000/svg" viewBox="0 0 100 100" aria-hidden="true" aria-label="LEGACY_star-100-percent" style="width:1rem" role="img"><path fill="currentColor" d="m98 39.373-34.162-2.9L50.502 4.995l-13.34 31.486L3 39.381 28.933 61.85l-7.792 33.39 29.36-17.718 29.36 17.718-7.792-33.4z"></path></svg><svg xmlns="http://www.w3.org/2000/svg" viewBox="0 0 100 100" aria-hidden="true" aria-label="LEGACY_star-100-percent" style="width:1rem" role="img"><path fill="currentColor" d="m98 39.373-34.162-2.9L50.502 4.995l-13.34 31.486L3 39.381 28.933 61.85l-7.792 33.39 29.36-17.718 29.36 17.718-7.792-33.4z"></path></svg><svg xmlns="http://www.w3.org/2000/svg" viewBox="0 0 100 100" aria-hidden="true" aria-label="LEGACY_star-100-percent" style="width:1rem" role="img"><path fill="currentColor" d="m98 39.373-34.162-2.9L50.502 4.995l-13.34 31.486L3 39.381 28.933 61.85l-7.792 33.39 29.36-17.718 29.36 17.718-7.792-33.4z"></path></svg></div><div aria-hidden="true"><span class="ml-1 !text-nowrap text-xs font-normal leading-4 tracking-wide text-neutral-500">(<!-- -->1878<!-- -->)</span></div></div></div></div><div class="mt-2 md:mt-4"><div class="h-4 w-[60%]"><div class="text-sm leading-4xl font-normal whitespace-nowrap text-neutral-700" data-testid="recommended-retail-price"><span><span><s class="relative no-underline after:absolute after:text-[#F10] after:tablet:text-red-400 after:left-0 after:right-0 after:top-[45%] after:rotate-[-15deg] text-neutral-700 after:border-t after:border-current">8,48 €</s><span>*</span></span></span></div></div><div class="mt-2 flex gap-1 pb-4"><div data-testid="discount-badge"><span class="sr-only">Rabattstempel</span><div class="flex items-center justify-center text-right whitespace-nowrap select-none rounded leading-2xl min-w-[2.5rem] max-w-[17.5rem] bg-brand-accent-primary text-white"><div role="status" class="inline-flex items-center gap-x-1 text-xs px-2 py-1 font-semibold"><span>-29%</span></div></div></div><div class="flex text-neutral-700 whitespace-nowrap leading-price text-[1.625rem] mt-[0.125rem]" data-testid="sales-price"><span class="sr-only">Verkaufspreis<!-- -->:<span>5,99 €</span></span><span aria-hidden="true" class="font-bold">5<!-- -->,</span><div class="flex flex-col justify-between"><sup aria-hidden="true" class="top-0 -translate-x-[0.5em] text-[45%] font-bold leading-none">99 €</sup><div class="translate-y-[10%] pl-1"><div class="text-2xs leading-4xl whitespace-nowrap text-neutral-700 tracking-[0.14px]" data-testid="base-price"><span class="sr-only">Grundpreis<!-- -->:</span><span>599.00 €/kg</span></div></div></div></div></div><div class="font-base text-2xs leading-5xl h-4 text-neutral-600">+ Weitere Packungsgrößen</div></div></div></div></a></div></div><div data-testid="search-grid-product-card-wrapper" class="col-span-1 row-span-1"><hr class="md:hidden"/><div class="h-full"><a data-testid="product-card" title="IBU ratiopharm 400 mg akut Schmerztabletten 50 St" class="hover:shadow-card relative flex h-full max-w-full cursor-pointer gap-2 rounded-lg pb-2 hover:outline-transparent focus:outline-transparent sm:pt-2 md:flex-col md:gap-0 md:px-[min(8%,_16px)]" href="/ibu-ratiopharm-400-mg-akut-schmerztabletten/10019621"><div data-testid="product-details" class="relative flex flex-col md:pt-4"><div data-testid="badges-container" class="absolute left-0 top-[1rem] z-10 flex gap-1"></div><div class="flex justify-center"><div class="relative flex overflow-hidden"><img alt="IBU ratiopharm 400 mg akut Schmerztabletten 50 St" loading="lazy" width="180" height="180" decoding="async" data-nimg="1" style="color:transparent" src="https://statics.docmorris.de/static/produkte/FX54TUWF/docmorris/ps300r/ibu-ratiopharm-400-mg-akut-schmerztabletten-50-st-10019621-0-1714035617107707.jpeg"/><span data-testid="skeleton" class="inline-block Skeleton_skeletonAnimation__7iWXi" style="width:180px;height:180px;position:absolute"></span></div></div></div><div class="relative flex min-w-0 flex-1 flex-col"><div class="flex flex-col justify-between"><div class="flex flex-col justify-between"><div data-testid="product-name" title="IBU ratiopharm 400 mg akut Schmerztabletten 50 St" class="mb-0 line-clamp-2 h-[3.125rem] max-w-[13rem] break-words text-base font-semibold leading-6 text-neutral-700 focus-within:no-underline focus-within:outline-transparent hover:text-neutral-700 focus:text-neutral-700 focus:underline" role="heading" aria-level="2">IBU ratiopharm 400 mg akut Schmerztabletten 50 St</div><div class="leading-2xl h-[1.125rem] truncate text-xs font-semibold text-neutral-600"><span>50 St</span><span> • <!-- -->Filmtabletten</span></div><div title="ratiopharm GmbH" class="w-[95%] overflow-hidden truncate text-xs font-semibold leading-5 text-neutral-600"><span>ratiopharm GmbH</span></div><div class="bold font flex h-5 items-center text-sm"><div class="rating-stars_ratingStars__3z6v5" role="img" aria-label="4.79 von 5 Sternen (791 Bewertungen)"><div class="rating-stars_stars__Y0Wwp"><svg xmlns="http://www.w3.org/2000/svg" viewBox="0 0 100 100" aria-hidden="true" aria-label="LEGACY_star-100-percent" style="width:1rem" role="img"><path fill="currentColor" d="m98 39.373-34.162-2.9L50.502 4.995l-13.34 31.486L3 39.381 28.933 61.85l-7.792 33.39 29.36-17.718 29.36 17.718-7.792-33.4z"></path></svg><svg xmlns="http://www.w3.org/2000/svg" viewBox="0 0 100 100" aria-hidden="true" aria-label="LEGACY_star-100-percent" style="width:1rem" role="img"><path fill="currentColor" d="m98 39.373-34.162-2.9L50.502 4.995l-13.34 31.486L3 39.381 28.933 61.85l-7.792 33.39 29.36-17.718 29.36 17.718-7.792-33.4z"></path></svg><svg xmlns="http://www.w3.org/2000/svg" viewBox="0 0 100 100" aria-hidden="true" aria-label="LEGACY_star-100-percent" style="width:1rem" role="img"><path fill="currentColor" d="m98 39.373-34.162-2.9L50.502 4.995l-13.34 31.486L3 39.381 28.933 61.85l-7.792 33.39 29.36-17.718 29.36 17.718-7.792-33.4z"></path></svg><svg xmlns="http://www.w3.org/2000/svg" viewBox="0 0 100 100" aria-hidden="true" aria-label="LEGACY_star-100-percent" style="width:1rem" role="img"><path fill="currentColor" d="m98 39.373-34.162-2.9L50.502 4.995l-13.34 31.486L3 39.381 28.933 61.85l-7.792 33.39 29.36-17.718 29.36 17.718-7.792-33.4z"></path></svg><svg xmlns="http://www.w3.org/2000/svg" viewBox="0 0 100 100" aria-hidden="true" aria-label="LEGACY_star-100-percent" style="width:1rem" role="img"><path fill="currentColor" d="m98 39.373-34.162-2.9L50.502 4.995l-13.34 31.486L3 39.381 28.933 61.85l-7.792 33.39 29.36-17.718 29.36 17.718-7.792-33.4z"></path></svg></div><div aria-hidden="true"><span class="ml-1 !text-nowrap text-xs font-normal leading-4 tracking-wide text-neutral-500">(<!-- -->791<!-- -->)</span></div></div></div></div><div class="mt-2 md:mt-4"><div class="h-4 w-[60%]"><div class="text-sm leading-4xl font-normal whitespace-nowrap text-neutral-700" data-testid="recommended-retail-price"><span><span><s class="relative no-underline after:absolute after:text-[#F10] after:tablet:text-red-400 after:left-0 after:right-0 after:top-[45%] after:rotate-[-15deg] text-neutral-700 after:border-t after:border-current">13,45 €</s><span>*</span></span></span></div></div><div class="mt-2 flex gap-1 pb-4"><div data-testid="discount-badge"><span class="sr-only">Rabattstempel</span><div class="flex items-center justify-center text-right whitespace-nowrap select-none rounded leading-2xl min-w-[2.5rem] max-w-[17.5rem] bg-brand-accent-primary text-white"><div role="status" class="inline-flex items-center gap-x-1 text-xs px-2 py-1 font-semibold"><span>-56%</span></div></div></div><div class="flex text-neutral-700 whitespace-nowrap leading-price text-[1.625rem] mt-[0.125rem]" data-testid="sales-price"><span class="sr-only">Verkaufspreis<!-- -->:<span>5,89 €</span></span><span aria-hidden="true" class="font-bold">5<!-- -->,</span><div class="flex flex-col justify-between"><sup aria-hidden="true" class="top-0 -translate-x-[0.5em] text-[45%] font-bold leading-none">89 €</sup><div class="translate-y-[10%] pl-1"><div class="text-2xs leading-4xl whitespace-nowrap text-neutral-700 tracking-[0.14px]" data-testid="base-price"><span class="sr-only">Grundpreis<!-- -->:</span><span>0.12 €/St</span></div></div></div></div></div><div class="font-base text-2xs leading-5xl h-4 text-neutral-600">+ Weitere Packungsgrößen</div></div></div></div></a></div></div><div data-testid="search-grid-product-card-wrapper" class="col-span-1 row-span-1"><hr class="md:hidden"/><div class="h-full"><a data-testid="product-card" title="Sinupret eXtract 40 St" class="hover:shadow-card relative flex h-full max-w-full cursor-pointer gap-2 rounded-lg pb-2 hover:outline-transparent focus:outline-transparent sm:pt-2 md:flex-col md:gap-0 md:px-[min(8%,_16px)]" href="/sinupret-extract/09285547"><div data-testid="product-details" class="relative flex flex-col md:pt-4"><div data-testid="badges-container" class="absolute left-0 top-[1rem] z-10 flex gap-1"></div><div class="flex justify-center"><div class="relative flex overflow-hidden"><img alt="Sinupret eXtract 40 St" loading="lazy" width="180" height="180" decoding="async" data-nimg="1" style="color:transparent" src="https://statics.docmorris.de/static/produkte/FX5AZGC8/docmorris/ps300r/sinupret-extract-40-st-09285547-0-1757401418696013.png"/><span data-testid="skeleton" class="inline-block Skeleton_skeletonAnimation__7iWXi" style="width:180px;height:180px;position:absolute"></span></div></div></div><div class="relative flex min-w-0 flex-1 flex-col"><div class="flex flex-col justify-between"><div class="flex flex-col justify-between"><div data-testid="product-name" title="Sinupret eXtract 40 St" class="mb-0 line-clamp-2 h-[3.125rem] max-w-[13rem] break-words text-base font-semibold leading-6 text-neutral-700 focus-within:no-underline focus-within:outline-transparent hover:text-neutral-700 focus:text-neutral-700 focus:underline" role="heading" aria-level="2">Sinupret eXtract 40 St</div><div class="leading-2xl h-[1.125rem] truncate text-xs font-semibold text-neutral-600"><span>40 St</span><span> • <!-- -->Überzogene Tabletten</span></div><div title="Bionorica SE" class="w-[95%] overflow-hidden truncate text-xs font-semibold leading-5 text-neutral-600"><span>Bionorica SE</span></div><div class="bold font flex h-5 items-center text-sm"><div class="rating-stars_ratingStars__3z6v5" role="img" aria-label="4.68 von 5 Sternen (543 Bewertungen)"><div class="rating-stars_stars__Y0Wwp"><svg xmlns="http://www.w3.org/2000/svg" viewBox="0 0 100 100" aria-hidden="true" aria-label="LEGACY_star-100-percent" style="width:1rem" role="img"><path fill="currentColor" d="m98 39.373-34.162-2.9L50.502 4.995l-13.34 31.486L3 39.381 28.933 61.85l-7.792 33.39 29.36-17.718 29.36 17.718-7.792-33.4z"></path></svg><svg xmlns="http://www.w3.org/2000/svg" viewBox="0 0 100 100" aria-hidden="true" aria-label="LEGACY_star-100-percent" style="width:1rem" role="img"><path fill="currentColor" d="m98 39.373-34.162-2.9L50.502 4.995l-13.34 31.486L3 39.381 28.933 61.85l-7.792 33.39 29.36-17.718 29.36 17.718-7.792-33.4z"></path></svg><svg xmlns="http://www.w3.org/2000/svg" viewBox="0 0 100 100" aria-hidden="true" aria-label="LEGACY_star-100-percent" style="width:1rem" role="img"><path fill="currentColor" d="m98 39.373-34.162-2.9L50.502 4.995l-13.34 31.486L3 39.381 28.933 61.85l-7.792 33.39 29.36-17.718 29.36 17.718-7.792-33.4z"></path></svg><svg xmlns="http://www.w3.org/2000/svg" viewBox="0 0 100 100" aria-hidden="true" aria-label="LEGACY_star-100-percent" style="width:1rem" role="img"><path fill="currentColor" d="m98 39.373-34.162-2.9L50.502 4.995l-13.34 31.486L3 39.381 28.933 61.85l-7.792 33.39 29.36-17.718 29.36 17.718-7.792-33.4z"></path></svg><svg xmlns="http://www.w3.org/2000/svg" aria-hidden="true" viewBox="0 0 100 100" aria-label="LEGACY_star-75-percent" style="width:1rem" role="img"><svg width="75" height="100" viewBox="0 0 75 100" aria-hidden="true" aria-label="LEGACY_star-75-percent" style="width:1rem" role="img"><path fill="currentColor" d="M50.5 5.007 63.833 36.48l34.162 2.9-25.933 22.464 7.793 33.394-29.36-17.718-29.357 17.718 7.79-33.4L2.995 39.38l34.162-2.9Z"></path></svg><path fill="currentColor" stroke="currentColor" d="M50.5 15.683 60 38.102l.979 2.315 2.5.211L87.8 42.693l-18.469 16-1.9 1.646.574 2.45 5.548 23.775-20.906-12.615-2.152-1.3-2.152 1.3-20.9 12.615 5.548-23.775.571-2.45-1.9-1.646-18.467-16 24.318-2.065 2.5-.211.982-2.315 9.5-22.419m0-10.679L37.157 36.477l-34.162 2.9 25.933 22.464-7.79 33.4L50.495 77.52l29.36 17.718-7.793-33.394L97.995 39.38l-34.162-2.9L50.495 5.007z"></path></svg></div><div aria-hidden="true"><span class="ml-1 !text-nowrap text-xs font-normal leading-4 tracking-wide text-neutral-500">(<!-- -->543<!-- -->)</span></div></div></div></div><div class="mt-2 md:mt-4"><div class="h-4 w-[60%]"><div class="text-sm leading-4xl font-normal whitespace-nowrap text-neutral-700" data-testid="recommended-retail-price"><span><span><s class="relative no-underline after:absolute after:text-[#F10] after:tablet:text-red-400 after:left-0 after:right-0 after:top-[45%] after:rotate-[-15deg] text-neutral-700 after:border-t after:border-current">29,99 €</s><span>*</span></span></span></div></div><div class="mt-2 flex gap-1 pb-4"><div data-testid="discount-badge"><span class="sr-only">Rabattstempel</span><div class="flex items-center justify-center text-right whitespace-nowrap select-none rounded leading-2xl min-w-[2.5rem] max-w-[17.5rem] bg-brand-accent-primary text-white"><div role="status" class="inline-flex items-center gap-x-1 text-xs px-2 py-1 font-semibold"><span>-24%</span></div></div></div><div class="flex text-neutral-700 whitespace-nowrap leading-price text-[1.625rem] mt-[0.125rem]" data-testid="sales-price"><span class="sr-only">Verkaufspreis<!-- -->:<span>22,79 €</span></span><span aria-hidden="true" class="font-bold">22<!-- -->,</span><div class="flex flex-col justify-between"><sup aria-hidden="true" class="top-0 -translate-x-[0.5em] text-[45%] font-bold leading-none">79 €</sup><div class="translate-y-[10%] pl-1"><div class="text-2xs leading-4xl whitespace-nowrap text-neutral-700 tracking-[0.14px]" data-testid="base-price"><span class="sr-only">Grundpreis<!-- -->:</span><span>0.57 €/St</span></div></div></div></div></div><div class="font-base text-2xs leading-5xl h-4 text-neutral-600">+ Weitere Packungsgrößen</div></div></div></div></a></div></div><div data-testid="search-grid-product-card-wrapper" class="col-span-1 row-span-1"><hr class="md:hidden"/><div class="h-full"><a data-testid="product-card" title="Grippostad C Hartkapseln 24 St" class="hover:shadow-card relative flex h-full max-w-full cursor-pointer gap-2 rounded-lg pb-2 hover:outline-transparent focus:outline-transparent sm:pt-2 md:flex-col md:gap-0 md:px-[min(8%,_16px)]" href="/grippostad-c-hartkapseln/00571748"><div data-testid="product-details" class="relative flex flex-col md:pt-4"><div data-testid="badges-container" class="absolute left-0 top-[1rem] z-10 flex gap-1"></div><div class="flex justify-center"><div class="relative flex overflow-hidden"><img alt="Grippostad C Hartkapseln 24 St" loading="lazy" width="180" height="180" decoding="async" data-nimg="1" style="color:transparent" src="https://statics.docmorris.de/static/produkte/FX5WQKPB/docmorris/ps300r/grippostad-c-hartkapseln-24-st-00571748-0-1713967319626705.jpeg"/><span data-testid="skeleton" class="inline-block Skeleton_skeletonAnimation__7iWXi" style="width:180px;height:180px;position:absolute"></span></div></div></div><div class="relative flex min-w-0 flex-1 flex-col"><div class="flex flex-col justify-between"><div class="flex flex-col justify-between"><div data-testid="product-name" title="Grippostad C Hartkapseln 24 St" class="mb-0 line-clamp-2 h-[3.125rem] max-w-[13rem] break-words text-base font-semibold leading-6 text-neutral-700 focus-within:no-underline focus-within:outline-transparent hover:text-neutral-700 focus:text-neutral-700 focus:underline" role="heading" aria-level="2">Grippostad C Hartkapseln 24 St</div><div class="leading-2xl h-[1.125rem] truncate text-xs font-semibold text-neutral-600"><span>24 St</span><span> • <!-- -->Hartkapseln</span></div><div title="STADA Consumer Health Deutschland GmbH" class="w-[95%] overflow-hidden truncate text-xs font-semibold leading-5 text-neutral-600"><span>STADA Consumer Health Deutschland GmbH</span></div><div class="bold font flex h-5 items-center text-sm"><div class="rating-stars_ratingStars__3z6v5" role="img" aria-label="4.69 von 5 Sternen (1336 Bewertungen)"><div class="rating-stars_stars__Y0Wwp"><svg xmlns="http://www.w3.org/2000/svg" viewBox="0 0 100 100" aria-hidden="true" aria-label="LEGACY_star-100-percent" style="width:1rem" role="img"><path fill="currentColor" d="m98 39.373-34.162-2.9L50.502 4.995l-13.34 31.486L3 39.381 28.933 61.85l-7.792 33.39 29.36-17.718 29.36 17.718-7.792-33.4z"></path></svg><svg xmlns="http://www.w3.org/2000/svg" viewBox="0 0 100 100" aria-hidden="true" aria-label="LEGACY_star-100-percent" style="width:1rem" role="img"><path fill="currentColor" d="m98 39.373-34.162-2.9L50.502 4.995l-13.34 31.486L3 39.381 28.933 61.85l-7.792 33.39 29.36-17.718 29.36 17.718-7.792-33.4z"></path></svg><svg xmlns="http://www.w3.org/2000/svg" viewBox="0 0 100 100" aria-hidden="true" aria-label="LEGACY_star-100-percent" style="width:1rem" role="img"><path fill="currentColor" d="m98 39.373-34.162-2.9L50.502 4.995l-13.34 31.486L3 39.381 28.933 61.85l-7.792 33.39 29.36-17.718 29.36 17.718-7.792-33.4z"></path></svg><svg xmlns="http://www.w3.org/2000/svg" viewBox="0 0 100 100" aria-hidden="true" aria-label="LEGACY_star-100-percent" style="width:1rem" role="img"><path fill="currentColor" d="m98 39.373-34.162-2.9L50.502 4.995l-13.34 31.486L3 39.381 28.933 61.85l-7.792 33.39 29.36-17.718 29.36 17.718-7.792-33.4z"></path></svg><svg xmlns="http://www.w3.org/2000/svg" aria-hidden="true" viewBox="0 0 100 100" aria-label="LEGACY_star-75-percent" style="width:1rem" role="img"><svg width="75" height="100" viewBox="0 0 75 100" aria-hidden="true" aria-label="LEGACY_star-75-percent" style="width:1rem" role="img"><path fill="currentColor" d="M50.5 5.007 63.833 36.48l34.162 2.9-25.933 22.464 7.793 33.394-29.36-17.718-29.357 17.718 7.79-33.4L2.995 39.38l34.162-2.9Z"></path></svg><path fill="currentColor" stroke="currentColor" d="M50.5 15.683 60 38.102l.979 2.315 2.5.211L87.8 42.693l-18.469 16-1.9 1.646.574 2.45 5.548 23.775-20.906-12.615-2.152-1.3-2.152 1.3-20.9 12.615 5.548-23.775.571-2.45-1.9-1.646-18.467-16 24.318-2.065 2.5-.211.982-2.315 9.5-22.419m0-10.679L37.157 36.477l-34.162 2.9 25.933 22.464-7.79 33.4L50.495 77.52l29.36 17.718-7.793-33.394L97.995 39.38l-34.162-2.9L50.495 5.007z"></path></svg></div><div aria-hidden="true"><span class="ml-1 !text-nowrap text-xs font-normal leading-4 tracking-wide text-neutral-500">(<!-- -->1336<!-- -->)</span></div></div></div></div><div class="mt-2 md:mt-4"><div class="h-4 w-[60%]"><div class="text-sm leading-4xl font-normal whitespace-nowrap text-neutral-700" data-testid="recommended-retail-price"><span><span><s class="relative no-underline after:absolute after:text-[#F10] after:tablet:text-red-400 after:left-0 after:right-0 after:top-[45%] after:rotate-[-15deg] text-neutral-700 after:border-t after:border-current">16,99 €</s><span>*</span></span></span></div></div><div class="mt-2 flex gap-1 pb-4"><div data-testid="discount-badge"><span class="sr-only">Rabattstempel</span><div class="flex items-center justify-center text-right whitespace-nowrap select-none rounded leading-2xl min-w-[2.5rem] max-w-[17.5rem] bg-brand-accent-primary text-white"><div role="status" class="inline-flex items-center gap-x-1 text-xs px-2 py-1 font-semibold"><span>-41%</span></div></div></div><div class="flex text-neutral-700 whitespace-nowrap leading-price text-[1.625rem] mt-[0.125rem]" data-testid="sales-price"><span class="sr-only">Verkaufspreis<!-- -->:<span>9,99 €</span></span><span aria-hidden="true" class="font-bold">9<!-- -->,</span><div class="flex flex-col justify-between"><sup aria-hidden="true" class="top-0 -translate-x-[0.5em] text-[45%] font-bold leading-none">99 €</sup><div class="translate-y-[10%] pl-1"><div class="text-2xs leading-4xl whitespace-nowrap text-neutral-700 tracking-[0.14px]" data-testid="base-price"><span class="sr-only">Grundpreis<!-- -->:</span><span>0.42 €/St</span></div></div></div></div></div><div class="font-base text-2xs leading-5xl h-4 text-neutral-600">+ Weitere Packungsgrößen</div></div></div></div></a></div></div><div data-testid="search-grid-product-card-wrapper" class="col-span-1 row-span-1"><hr class="md:hidden"/><div class="h-full"><a data-testid="product-card" title="Voltaren Schmerzgel forte 23,2 mg/g 180 g" class="hover:shadow-card relative flex h-full max-w-full cursor-pointer gap-2 rounded-lg pb-2 hover:outline-transparent focus:outline-transparent sm:pt-2 md:flex-col md:gap-0 md:px-[min(8%,_16px)]" href="/voltaren-schmerzgel-forte-232-mgg/11240397"><div data-testid="product-details" class="relative flex flex-col md:pt-4"><div data-testid="badges-container" class="absolute left-0 top-[1rem] z-10 flex gap-1"></div><div class="flex justify-center"><div class="relative flex overflow-hidden"><img alt="Voltaren Schmerzgel forte 23,2 mg/g 180 g" loading="lazy" width="180" height="180" decoding="async" data-nimg="1" style="color:transparent" src="https://statics.docmorris.de/static/produkte/FX5U2BBF/docmorris/ps300r/voltaren-schmerzgel-forte-23-2-mg-g-180-g-11240397-0-1740513661383403.jpg"/><span data-testid="skeleton" class="inline-block Skeleton_skeletonAnimation__7iWXi" style="width:180px;height:180px;position:absolute"></span></div></div></div><div class="relative flex min-w-0 flex-1 flex-col"><div class="flex flex-col justify-between"><div class="flex flex-col justify-between"><div data-testid="product-name" title="Voltaren Schmerzgel forte 23,2 mg/g 180 g" class="mb-0 line-clamp-2 h-[3.125rem] max-w-[13rem] break-words text-base font-semibold leading-6 text-neutral-700 focus-within:no-underline focus-within:outline-transparent hover:text-neutral-700 focus:text-neutral-700 focus:underline" role="heading" aria-level="2">Voltaren Schmerzgel forte 23,2 mg/g 180 g</div><div class="leading-2xl h-[1.125rem] truncate text-xs font-semibold text-neutral-600"><span>180 g</span><span> • <!-- -->Gel</span></div><div title="Haleon Germany GmbH" class="w-[95%] overflow-hidden truncate text-xs font-semibold leading-5 text-neutral-600"><span>Haleon Germany GmbH</span></div><div class="bold font flex h-5 items-center text-sm"><div class="rating-stars_ratingStars__3z6v5" role="img" aria-label="4.71 von 5 Sternen (2003 Bewertungen)"><div class="rating-stars_stars__Y0Wwp"><svg xmlns="http://www.w3.org/2000/svg" viewBox="0 0 100 100" aria-hidden="true" aria-label="LEGACY_star-100-percent" style="width:1rem" role="img"><path fill="currentColor" d="m98 39.373-34.162-2.9L50.502 4.995l-13.34 31.486L3 39.381 28.933 61.85l-7.792 33.39 29.36-17.718 29.36 17.718-7.792-33.4z"></path></svg><svg xmlns="http://www.w3.org/2000/svg" viewBox="0 0 100 100" aria-hidden="true" aria-label="LEGACY_star-100-percent" style="width:1rem" role="img"><path fill="currentColor" d="m98 39.373-34.162-2.9L50.502 4.995l-13.34 31.486L3 39.381 28.933 61.85l-7.792 33.39 29.36-17.718 29.36 17.718-7.792-33.4z"></path></svg><svg xmlns="http://www.w3.org/2000/svg" viewBox="0 0 100 100" aria-hidden="true" aria-label="LEGACY_star-100-percent" style="width:1rem" role="img"><path fill="currentColor" d="m98 39.373-34.162-2.9L50.502 4.995l-13.34 31.486L3 39.381 28.933 61.85l-7.792 33.39 29.36-17.718 29.36 17.718-7.792-33.4z"></path></svg><svg xmlns="http://www.w3.org/2000/svg" viewBox="0 0 100 100" aria-hidden="true" aria-label="LEGACY_star-100-percent" style="width:1rem" role="img"><path fill="currentColor" d="m98 39.373-34.162-2.9L50.502 4.995l-13.34 31.486L3 39.381 28.933 61.85l-7.792 33.39 29.36-17.718 29.36 17.718-7.792-33.4z"></path></svg><svg xmlns="http://www.w3.org/2000/svg" aria-hidden="true" viewBox="0 0 100 100" aria-label="LEGACY_star-75-percent" style="width:1rem" role="img"><svg width="75" height="100" viewBox="0 0 75 100" aria-hidden="true" aria-label="LEGACY_star-75-percent" style="width:1rem" role="img"><path fill="currentColor" d="M50.5 5.007 63.833 36.48l34.162 2.9-25.933 22.464 7.793 33.394-29.36-17.718-29.357 17.718 7.79-33.4L2.995 39.38l34.162-2.9Z"></path></svg><path fill="currentColor" stroke="currentColor" d="M50.5 15.683 60 38.102l.979 2.315 2.5.211L87.8 42.693l-18.469 16-1.9 1.646.574 2.45 5.548 23.775-20.906-12.615-2.152-1.3-2.152 1.3-20.9 12.615 5.548-23.775.571-2.45-1.9-1.646-18.467-16 24.318-2.065 2.5-.211.982-2.315 9.5-22.419m0-10.679L37.157 36.477l-34.162 2.9 25.933 22.464-7.79 33.4L50.495 77.52l29.36 17.718-7.793-33.394L97.995 39.38l-34.162-2.9L50.495 5.007z"></path></svg></div><div aria-hidden="true"><span class="ml-1 !text-nowrap text-xs font-normal leading-4 tracking-wide text-neutral-500">(<!-- -->2003<!-- -->)</span></div></div></div></div><div class="mt-2 md:mt-4"><div class="h-4 w-[60%]"><div class="text-sm leading-4xl font-normal whitespace-nowrap text-neutral-700" data-testid="recommended-retail-price"><span><span><s class="relative no-underline after:absolute after:text-[#F10] after:tablet:text-red-400 after:left-0 after:right-0 after:top-[45%] after:rotate-[-15deg] text-neutral-700 after:border-t after:border-current">34,90 €</s><span>*</span></span></span></div></div><div class="mt-2 flex gap-1 pb-4"><div data-testid="discount-badge"><span class="sr-only">Rabattstempel</span><div class="flex items-center justify-center text-right whitespace-nowrap select-none rounded leading-2xl min-w-[2.5rem] max-w-[17.5rem] bg-brand-accent-primary text-white"><div role="status" class="inline-flex items-center gap-x-1 text-xs px-2 py-1 font-semibold"><span>-28%</span></div></div></div><div class="flex text-neutral-700 whitespace-nowrap leading-price text-[1.625rem] mt-[0.125rem]" data-testid="sales-price"><span class="sr-only">Verkaufspreis<!-- -->:<span>24,99 €</span></span><span aria-hidden="true" class="font-bold">24<!-- -->,</span><div class="flex flex-col justify-between"><sup aria-hidden="true" class="top-0 -translate-x-[0.5em] text-[45%] font-bold leading-none">99 €</sup><div class="translate-y-[10%] pl-1"><div class="text-2xs leading-4xl whitespace-nowrap text-neutral-700 tracking-[0.14px]" data-testid="base-price"><span class="sr-only">Grundpreis<!-- -->:</span><span>138.83 €/kg</span></div></div></div></div></div><div class="font-base text-2xs leading-5xl h-4 text-neutral-600">+ Weitere Packungsgrößen</div></div></div></div></a></div></div><div data-testid="search-grid-product-card-wrapper" class="col-span-1 row-span-1"><hr class="md:hidden"/><div class="h-full"><a data-testid="product-card" title="Aspirin Complex Granulat 20 St" class="hover:shadow-card relative flex h-full max-w-full cursor-pointer gap-2 rounded-lg pb-2 hover:outline-transparent focus:outline-transparent sm:pt-2 md:flex-col md:gap-0 md:px-[min(8%,_16px)]" href="/aspirin-complex-granulat/04114918"><div data-testid="product-details" class="relative flex flex-col md:pt-4"><div data-testid="badges-container" class="absolute left-0 top-[1rem] z-10 flex gap-1"></div><div class="flex justify-center"><div class="relative flex overflow-hidden"><img alt="Aspirin Complex Granulat 20 St" loading="lazy" width="180" height="180" decoding="async" data-nimg="1" style="color:transparent" src="https://statics.docmorris.de/static/produkte/FX5ZNJV7/docmorris/ps300r/aspirin-complex-granulat-20-st-04114918-0-1751313639227119.jpg"/><span data-testid="skeleton" class="inline-block Skeleton_skeletonAnimation__7iWXi" style="width:180px;height:180px;position:absolute"></span></div></div></div><div class="relative flex min-w-0 flex-1 flex-col"><div class="flex flex-col justify-between"><div class="flex flex-col justify-between"><div data-testid="product-name" title="Aspirin Complex Granulat 20 St" class="mb-0 line-clamp-2 h-[3.125rem] max-w-[13rem] break-words text-base font-semibold leading-6 text-neutral-700 focus-within:no-underline focus-within:outline-transparent hover:text-neutral-700 focus:text-neutral-700 focus:underline" role="heading" aria-level="2">Aspirin Complex Granulat 20 St</div><div class="leading-2xl h-[1.125rem] truncate text-xs font-semibold text-neutral-600"><span>20 St</span><span> • <!-- -->Granulat zur Herstellung einer Suspension zum Einnehmen</span></div><div title="Bayer Vital GmbH Geschäftsbereich Selbstmedikation" class="w-[95%] overflow-hidden truncate text-xs font-semibold leading-5 text-neutral-600"><span>Bayer Vital GmbH Geschäftsbereich Selbstmedikation</span></div><div class="bold font flex h-5 items-center text-sm"><div class="rating-stars_ratingStars__3z6v5" role="img" aria-label="4.74 von 5 Sternen (1243 Bewertungen)"><div class="rating-stars_stars__Y0Wwp"><svg xmlns="http://www.w3.org/2000/svg" viewBox="0 0 100 100" aria-hidden="true" aria-label="LEGACY_star-100-percent" style="width:1rem" role="img"><path fill="currentColor" d="m98 39.373-34.162-2.9L50.502 4.995l-13.34 31.486L3 39.381 28.933 61.85l-7.792 33.39 29.36-17.718 29.36 17.718-7.792-33.4z"></path></svg><svg xmlns="http://www.w3.org/2000/svg" viewBox="0 0 100 100" aria-hidden="true" aria-label="LEGACY_star-100-percent" style="width:1rem" role="img"><path fill="currentColor" d="m98 39.373-34.162-2.9L50.502 4.995l-13.34 31.486L3 39.381 28.933 61.85l-7.792 33.39 29.36-17.718 29.36 17.718-7.792-33.4z"></path></svg><svg xmlns="http://www.w3.org/2000/svg" viewBox="0 0 100 100" aria-hidden="true" aria-label="LEGACY_star-100-percent" style="width:1rem" role="img"><path fill="currentColor" d="m98 39.373-34.162-2.9L50.502 4.995l-13.34 31.486L3 39.381 28.933 61.85l-7.792 33.39 29.36-17.718 29.36 17.718-7.792-33.4z"></path></svg><svg xmlns="http://www.w3.org/2000/svg" viewBox="0 0 100 100" aria-hidden="true" aria-label="LEGACY_star-100-percent" style="width:1rem" role="img"><path fill="currentColor" d="m98 39.373-34.162-2.9L50.502 4.995l-13.34 31.486L3 39.381 28.933 61.85l-7.792 33.39 29.36-17.718 29.36 17.718-7.792-33.4z"></path></svg><svg xmlns="http://www.w3.org/2000/svg" aria-hidden="true" viewBox="0 0 100 100" aria-label="LEGACY_star-75-percent" style="width:1rem" role="img"><svg width="75" height="100" viewBox="0 0 75 100" aria-hidden="true" aria-label="LEGACY_star-75-percent" style="width:1rem" role="img"><path fill="currentColor" d="M50.5 5.007 63.833 36.48l34.162 2.9-25.933 22.464 7.793 33.394-29.36-17.718-29.357 17.718 7.79-33.4L2.995 39.38l34.162-2.9Z"></path></svg><path fill="currentColor" stroke="currentColor" d="M50.5 15.683 60 38.102l.979 2.315 2.5.211L87.8 42.693l-18.469 16-1.9 1.646.574 2.45 5.548 23.775-20.906-12.615-2.152-1.3-2.152 1.3-20.9 12.615 5.548-23.775.571-2.45-1.9-1.646-18.467-16 24.318-2.065 2.5-.211.982-2.315 9.5-22.419m0-10.679L37.157 36.477l-34.162 2.9 25.933 22.464-7.79 33.4L50.495 77.52l29.36 17.718-7.793-33.394L97.995 39.38l-34.162-2.9L50.495 5.007z"></path></svg></div><div aria-hidden="true"><span class="ml-1 !text-nowrap text-xs font-normal leading-4 tracking-wide text-neutral-500">(<!-- -->1243<!-- -->)</span></div></div></div></div><div class="mt-2 md:mt-4"><div class="h-4 w-[60%]"><div class="text-sm leading-4xl font-normal whitespace-nowrap text-neutral-700" data-testid="recommended-retail-price"><span><span><s class="relative no-underline after:absolute after:text-[#F10] after:tablet:text-red-400 after:left-0 after:right-0 after:top-[45%] after:rotate-[-15deg] text-neutral-700 after:border-t after:border-current">18,98 €</s><span>*</span></span></span></div></div><div class="mt-2 flex gap-1 pb-4"><div data-testid="discount-badge"><span class="sr-only">Rabattstempel</span><div class="flex items-center justify-center text-right whitespace-nowrap select-none rounded leading-2xl min-w-[2.5rem] max-w-[17.5rem] bg-brand-accent-primary text-white"><div role="status" class="inline-flex items-center gap-x-1 text-xs px-2 py-1 font-semibold"><span>-44%</span></div></div></div><div class="flex text-neutral-700 whitespace-nowrap leading-price text-[1.625rem] mt-[0.125rem]" data-testid="sales-price"><span class="sr-only">Verkaufspreis<!-- -->:<span>10,65 €</span></span><span aria-hidden="true" class="font-bold">10<!-- -->,</span><div class="flex flex-col justify-between"><sup aria-hidden="true" class="top-0 -translate-x-[0.5em] text-[45%] font-bold leading-none">65 €</sup><div class="translate-y-[10%] pl-1"><div class="text-2xs leading-4xl whitespace-nowrap text-neutral-700 tracking-[0.14px]" data-testid="base-price"><span class="sr-only">Grundpreis<!-- -->:</span><span>0.53 €/St</span></div></div></div></div></div><div class="font-base text-2xs leading-5xl h-4 text-neutral-600">+ Weitere Packungsgrößen</div></div></div></div></a></div></div><div data-testid="search-grid-product-card-wrapper" class="col-span-1 row-span-1"><hr class="md:hidden"/><div class="h-full"><a data-testid="product-card" title="ASS 100-1 A Pharma TAH Tabletten 100 St" class="hover:shadow-card relative flex h-full max-w-full cursor-pointer gap-2 rounded-lg pb-2 hover:outline-transparent focus:outline-transparent sm:pt-2 md:flex-col md:gap-0 md:px-[min(8%,_16px)]" href="/ass-1001-a-pharma-tah-tabletten/06312077"><div data-testid="product-details" class="relative flex flex-col md:pt-4"><div data-testid="badges-container" class="absolute left-0 top-[1rem] z-10 flex gap-1"></div><div class="flex justify-center"><div class="relative flex overflow-hidden"><img alt="ASS 100-1 A Pharma TAH Tabletten 100 St" loading="lazy" width="180" height="180" decoding="async" data-nimg="1" style="color:transparent" src="https://statics.docmorris.de/static/produkte/FX58U253/docmorris/ps300r/ass-100-1-a-pharma-tah-tabletten-100-st-06312077-0-1765396821439280.jpg"/><span data-testid="skeleton" class="inline-block Skeleton_skeletonAnimation__7iWXi" style="width:180px;height:180px;position:absolute"></span></div></div></div><div class="relative flex min-w-0 flex-1 flex-col"><div class="flex flex-col justify-between"><div class="flex flex-col justify-between"><div data-testid="product-name" title="ASS 100-1 A Pharma TAH Tabletten 100 St" class="mb-0 line-clamp-2 h-[3.125rem] max-w-[13rem] break-words text-base font-semibold leading-6 text-neutral-700 focus-within:no-underline focus-within:outline-transparent hover:text-neutral-700 focus:text-neutral-700 focus:underline" role="heading" aria-level="2">ASS 100-1 A Pharma TAH Tabletten 100 St</div><div class="leading-2xl h-[1.125rem] truncate text-xs font-semibold text-neutral-600"><span>100 St</span><span> • <!-- -->Tabletten</span></div><div title="1A Pharma GmbH" class="w-[95%] overflow-hidden truncate text-xs font-semibold leading-5 text-neutral-600"><span>1A Pharma GmbH</span></div><div class="bold font flex h-5 items-center text-sm"><div class="rating-stars_ratingStars__3z6v5" role="img" aria-label="4.76 von 5 Sternen (735 Bewertungen)"><div class="rating-stars_stars__Y0Wwp"><svg xmlns="http://www.w3.org/2000/svg" viewBox="0 0 100 100" aria-hidden="true" aria-label="LEGACY_star-100-percent" style="width:1rem" role="img"><path fill="currentColor" d="m98 39.373-34.162-2.9L50.502 4.995l-13.34 31.486L3 39.381 28.933 61.85l-7.792 33.39 29.36-17.718 29.36 17.718-7.792-33.4z"></path></svg><svg xmlns="http://www.w3.org/2000/svg" viewBox="0 0 100 100" aria-hidden="true" aria-label="LEGACY_star-100-percent" style="width:1rem" role="img"><path fill="currentColor" d="m98 39.373-34.162-2.9L50.502 4.995l-13.34 31.486L3 39.381 28.933 61.85l-7.792 33.39 29.36-17.718 29.36 17.718-7.792-33.4z"></path></svg><svg xmlns="http://www.w3.org/2000/svg" viewBox="0 0 100 100" aria-hidden="true" aria-label="LEGACY_star-100-percent" style="width:1rem" role="img"><path fill="currentColor" d="m98 39.373-34.162-2.9L50.502 4.995l-13.34 31.486L3 39.381 28.933 61.85l-7.792 33.39 29.36-17.718 29.36 17.718-7.792-33.4z"></path></svg><svg xmlns="http://www.w3.org/2000/svg" viewBox="0 0 100 100" aria-hidden="true" aria-label="LEGACY_star-100-percent" style="width:1rem" role="img"><path fill="currentColor" d="m98 39.373-34.162-2.9L50.502 4.995l-13.34 31.486L3 39.381 28.933 61.85l-7.792 33.39 29.36-17.718 29.36 17.718-7.792-33.4z"></path></svg><svg xmlns="http://www.w3.org/2000/svg" viewBox="0 0 100 100" aria-hidden="true" aria-label="LEGACY_star-100-percent" style="width:1rem" role="img"><path fill="currentColor" d="m98 39.373-34.162-2.9L50.502 4.995l-13.34 31.486L3 39.381 28.933 61.85l-7.792 33.39 29.36-17.718 29.36 17.718-7.792-33.4z"></path></svg></div><div aria-hidden="true"><span class="ml-1 !text-nowrap text-xs font-normal leading-4 tracking-wide text-neutral-500">(<!-- -->735<!-- -->)</span></div></div></div></div><div class="mt-2 md:mt-4"><div class="h-4 w-[60%]"><div class="text-sm leading-4xl font-normal whitespace-nowrap text-neutral-700" data-testid="recommended-retail-price"><span><span><s class="relative no-underline after:absolute after:text-[#F10] after:tablet:text-red-400 after:left-0 after:right-0 after:top-[45%] after:rotate-[-15deg] text-neutral-700 after:border-t after:border-current">2,80 €</s><span>*</span></span></span></div></div><div class="mt-2 flex gap-1 pb-4"><div data-testid="discount-badge"><span class="sr-only">Rabattstempel</span><div class="flex items-center justify-center text-right whitespace-nowrap select-none rounded leading-2xl min-w-[2.5rem] max-w-[17.5rem] bg-brand-accent-primary text-white"><div role="status" class="inline-flex items-center gap-x-1 text-xs px-2 py-1 font-semibold"><span>-47%</span></div></div></div><div class="flex text-neutral-700 whitespace-nowrap leading-price text-[1.625rem] mt-[0.125rem]" data-testid="sales-price"><span class="sr-only">Verkaufspreis<!-- -->:<span>1,49 €</span></span><span aria-hidden="true" class="font-bold">1<!-- -->,</span><div class="flex flex-col justify-between"><sup aria-hidden="true" class="top-0 -translate-x-[0.5em] text-[45%] font-bold leading-none">49 €</sup><div class="translate-y-[10%] pl-1"><div class="text-2xs leading-4xl whitespace-nowrap text-neutral-700 tracking-[0.14px]" data-testid="base-price"><span class="sr-only">Grundpreis<!-- -->:</span><span>0.01 €/St</span></div></div></div></div></div><div class="font-base text-2xs leading-5xl h-4 text-neutral-600">+ Weitere Packungsgrößen</div></div></div></div></a></div></div><div class="w-full my-2 col-start-1 md:mb-6 md:mt-0 md:col-end-4 tablet:col-end-5 hidden"><div id="kairion__largeLeader--a"></div></div><div data-testid="search-grid-product-card-wrapper" class="col-span-1 row-span-1"><hr class="md:hidden"/><div class="h-full"><a data-testid="product-card" title="Bepanthen Wund- und Heilsalbe 50 g" class="hover:shadow-card relative flex h-full max-w-full cursor-pointer gap-2 rounded-lg pb-2 hover:outline-transparent focus:outline-transparent sm:pt-2 md:flex-col md:gap-0 md:px-[min(8%,_16px)]" href="/bepanthen-wund-und-heilsalbe/01578818"><div data-testid="product-details" class="relative flex flex-col md:pt-4"><div data-testid="badges-container" class="absolute left-0 top-[1rem] z-10 flex gap-1"></div><div class="flex justify-center"><div class="relative flex overflow-hidden"><img alt="Bepanthen Wund- und Heilsalbe 50 g" loading="lazy" width="180" height="180" decoding="async" data-nimg="1" style="color:transparent" src="https://statics.docmorris.de/static/produkte/FX5JKDBT/docmorris/ps300r/bepanthen-wund-und-heilsalbe-50-g-01578818-0-1713969353015936.jpeg"/><span data-testid="skeleton" class="inline-block Skeleton_skeletonAnimation__7iWXi" style="width:180px;height:180px;position:absolute"></span></div></div></div><div class="relative flex min-w-0 flex-1 flex-col"><div class="flex flex-col justify-between"><div class="flex flex-col justify-between"><div data-testid="product-name" title="Bepanthen Wund- und Heilsalbe 50 g" class="mb-0 line-clamp-2 h-[3.125rem] max-w-[13rem] break-words text-base font-semibold leading-6 text-neutral-700 focus-within:no-underline focus-within:outline-transparent hover:text-neutral-700 focus:text-neutral-700 focus:underline" role="heading" aria-level="2">Bepanthen Wund- und Heilsalbe 50 g</div><div class="leading-2xl h-[1.125rem] truncate text-xs font-semibold text-neutral-600"><span>50 g</span><span> • <!-- -->Salbe</span></div><div title="Bayer Vital GmbH Geschäftsbereich Selbstmedikation" class="w-[95%] overflow-hidden truncate text-xs font-semibold leading-5 text-neutral-600"><span>Bayer Vital GmbH Geschäftsbereich Selbstmedikation</span></div><div class="bold font flex h-5 items-center text-sm"><div class="rating-stars_ratingStars__3z6v5" role="img" aria-label="4.85 von 5 Sternen (3544 Bewertungen)"><div class="rating-stars_stars__Y0Wwp"><svg xmlns="http://www.w3.org/2000/svg" viewBox="0 0 100 100" aria-hidden="true" aria-label="LEGACY_star-100-percent" style="width:1rem" role="img"><path fill="currentColor" d="m98 39.373-34.162-2.9L50.502 4.995l-13.34 31.486L3 39.381 28.933 61.85l-7.792 33.39 29.36-17.718 29.36 17.718-7.792-33.4z"></path></svg><svg xmlns="http://www.w3.org/2000/svg" viewBox="0 0 100 100" aria-hidden="true" aria-label="LEGACY_star-100-percent" style="width:1rem" role="img"><path fill="currentColor" d="m98 39.373-34.162-2.9L50.502 4.995l-13.34 31.486L3 39.381 28.933 61.85l-7.792 33.39 29.36-17.718 29.36 17.718-7.792-33.4z"></path></svg><svg xmlns="http://www.w3.org/2000/svg" viewBox="0 0 100 100" aria-hidden="true" aria-label="LEGACY_star-100-percent" style="width:1rem" role="img"><path fill="currentColor" d="m98 39.373-34.162-2.9L50.502 4.995l-13.34 31.486L3 39.381 28.933 61.85l-7.792 33.39 29.36-17.718 29.36 17.718-7.792-33.4z"></path></svg><svg xmlns="http://www.w3.org/2000/svg" viewBox="0 0 100 100" aria-hidden="true" aria-label="LEGACY_star-100-percent" style="width:1rem" role="img"><path fill="currentColor" d="m98 39.373-34.162-2.9L50.502 4.995l-13.34 31.486L3 39.381 28.933 61.85l-7.792 33.39 29.36-17.718 29.36 17.718-7.792-33.4z"></path></svg><svg xmlns="http://www.w3.org/2000/svg" viewBox="0 0 100 100" aria-hidden="true" aria-label="LEGACY_star-100-percent" style="width:1rem" role="img"><path fill="currentColor" d="m98 39.373-34.162-2.9L50.502 4.995l-13.34 31.486L3 39.381 28.933 61.85l-7.792 33.39 29.36-17.718 29.36 17.718-7.792-33.4z"></path></svg></div><div aria-hidden="true"><span class="ml-1 !text-nowrap text-xs font-normal leading-4 tracking-wide text-neutral-500">(<!-- -->3544<!-- -->)</span></div></div></div></div><div class="mt-2 md:mt-4"><div class="h-4 w-[60%]"><div class="text-sm leading-4xl font-normal whitespace-nowrap text-neutral-700" data-testid="recommended-retail-price"><span><span><s class="relative no-underline after:absolute after:text-[#F10] after:tablet:text-red-400 after:left-0 after:right-0 after:top-[45%] after:rotate-[-15deg] text-neutral-700 after:border-t after:border-current">12,89 €</s><span>*</span></span></span></div></div><div class="mt-2 flex gap-1 pb-4"><div data-testid="discount-badge"><span class="sr-only">Rabattstempel</span><div class="flex items-center justify-center text-right whitespace-nowrap select-none rounded leading-2xl min-w-[2.5rem] max-w-[17.5rem] bg-brand-accent-primary text-white"><div role="status" class="inline-flex items-center gap-x-1 text-xs px-2 py-1 font-semibold"><span>-28%</span></div></div></div><div class="flex text-neutral-700 whitespace-nowrap leading-price text-[1.625rem] mt-[0.125rem]" data-testid="sales-price"><span class="sr-only">Verkaufspreis<!-- -->:<span>9,29 €</span></span><span aria-hidden="true" class="font-bold">9<!-- -->,</span><div class="flex flex-col justify-between"><sup aria-hidden="true" class="top-0 -translate-x-[0.5em] text-[45%] font-bold leading-none">29 €</sup><div class="translate-y-[10%] pl-1"><div class="text-2xs leading-4xl whitespace-nowrap text-neutral-700 tracking-[0.14px]" data-testid="base-price"><span class="sr-only">Grundpreis<!-- -->:</span><span>185.80 €/kg</span></div></div></div></div></div><div class="font-base text-2xs leading-5xl h-4 text-neutral-600">+ Weitere Packungsgrößen</div></div></div></div></a></div></div><div data-testid="search-grid-product-card-wrapper" class="col-span-1 row-span-1"><hr class="md:hidden"/><div class="h-full"><a data-testid="product-card" title="Nasenspray AL 0,1% 10 ml" class="hover:shadow-card relative flex h-full max-w-full cursor-pointer gap-2 rounded-lg pb-2 hover:outline-transparent focus:outline-transparent sm:pt-2 md:flex-col md:gap-0 md:px-[min(8%,_16px)]" href="/nasenspray-al-01/03929274"><div data-testid="product-details" class="relative flex flex-col md:pt-4"><div data-testid="badges-container" class="absolute left-0 top-[1rem] z-10 flex gap-1"></div><div class="flex justify-center"><div class="relative flex overflow-hidden"><img alt="Nasenspray AL 0,1% 10 ml" loading="lazy" width="180" height="180" decoding="async" data-nimg="1" style="color:transparent" src="https://statics.docmorris.de/static/produkte/FX5ZLVI1/docmorris/ps300r/nasenspray-al-0-1-10-ml-03929274-0-1756843238691033.jpg"/><span data-testid="skeleton" class="inline-block Skeleton_skeletonAnimation__7iWXi" style="width:180px;height:180px;position:absolute"></span></div></div></div><div class="relative flex min-w-0 flex-1 flex-col"><div class="flex flex-col justify-between"><div class="flex flex-col justify-between"><div data-testid="product-name" title="Nasenspray AL 0,1% 10 ml" class="mb-0 line-clamp-2 h-[3.125rem] max-w-[13rem] break-words text-base font-semibold leading-6 text-neutral-700 focus-within:no-underline focus-within:outline-transparent hover:text-neutral-700 focus:text-neutral-700 focus:underline" role="heading" aria-level="2">Nasenspray AL 0,1% 10 ml</div><div class="leading-2xl h-[1.125rem] truncate text-xs font-semibold text-neutral-600"><span>10 ml</span><span> • <!-- -->Lösung</span></div><div title="ALIUD Pharma GmbH" class="w-[95%] overflow-hidden truncate text-xs font-semibold leading-5 text-neutral-600"><span>ALIUD Pharma GmbH</span></div><div class="bold font flex h-5 items-center text-sm"><div class="rating-stars_ratingStars__3z6v5" role="img" aria-label="4.77 von 5 Sternen (592 Bewertungen)"><div class="rating-stars_stars__Y0Wwp"><svg xmlns="http://www.w3.org/2000/svg" viewBox="0 0 100 100" aria-hidden="true" aria-label="LEGACY_star-100-percent" style="width:1rem" role="img"><path fill="currentColor" d="m98 39.373-34.162-2.9L50.502 4.995l-13.34 31.486L3 39.381 28.933 61.85l-7.792 33.39 29.36-17.718 29.36 17.718-7.792-33.4z"></path></svg><svg xmlns="http://www.w3.org/2000/svg" viewBox="0 0 100 100" aria-hidden="true" aria-label="LEGACY_star-100-percent" style="width:1rem" role="img"><path fill="currentColor" d="m98 39.373-34.162-2.9L50.502 4.995l-13.34 31.486L3 39.381 28.933 61.85l-7.792 33.39 29.36-17.718 29.36 17.718-7.792-33.4z"></path></svg><svg xmlns="http://www.w3.org/2000/svg" viewBox="0 0 100 100" aria-hidden="true" aria-label="LEGACY_star-100-percent" style="width:1rem" role="img"><path fill="currentColor" d="m98 39.373-34.162-2.9L50.502 4.995l-13.34 31.486L3 39.381 28.933 61.85l-7.792 33.39 29.36-17.718 29.36 17.718-7.792-33.4z"></path></svg><svg xmlns="http://www.w3.org/2000/svg" viewBox="0 0 100 100" aria-hidden="true" aria-label="LEGACY_star-100-percent" style="width:1rem" role="img"><path fill="currentColor" d="m98 39.373-34.162-2.9L50.502 4.995l-13.34 31.486L3 39.381 28.933 61.85l-7.792 33.39 29.36-17.718 29.36 17.718-7.792-33.4z"></path></svg><svg xmlns="http://www.w3.org/2000/svg" viewBox="0 0 100 100" aria-hidden="true" aria-label="LEGACY_star-100-percent" style="width:1rem" role="img"><path fill="currentColor" d="m98 39.373-34.162-2.9L50.502 4.995l-13.34 31.486L3 39.381 28.933 61.85l-7.792 33.39 29.36-17.718 29.36 17.718-7.792-33.4z"></path></svg></div><div aria-hidden="true"><span class="ml-1 !text-nowrap text-xs font-normal leading-4 tracking-wide text-neutral-500">(<!-- -->592<!-- -->)</span></div></div></div></div><div class="mt-2 md:mt-4"><div class="h-4 w-[60%]"><div class="text-sm leading-4xl font-normal whitespace-nowrap text-neutral-700" data-testid="recommended-retail-price"><span><span><s class="relative no-underline after:absolute after:text-[#F10] after:tablet:text-red-400 after:left-0 after:right-0 after:top-[45%] after:rotate-[-15deg] text-neutral-700 after:border-t after:border-current">4,97 €</s><span>*</span></span></span></div></div><div class="mt-2 flex gap-1 pb-4"><div data-testid="discount-badge"><span class="sr-only">Rabattstempel</span><div class="flex items-center justify-center text-right whitespace-nowrap select-none rounded leading-2xl min-w-[2.5rem] max-w-[17.5rem] bg-brand-accent-primary text-white"><div role="status" class="inline-flex items-center gap-x-1 text-xs px-2 py-1 font-semibold"><span>-40%</span></div></div></div><div class="flex text-neutral-700 whitespace-nowrap leading-price text-[1.625rem] mt-[0.125rem]" data-testid="sales-price"><span class="sr-only">Verkaufspreis<!-- -->:<span>2,99 €</span></span><span aria-hidden="true" class="font-bold">2<!-- -->,</span><div class="flex flex-col justify-between"><sup aria-hidden="true" class="top-0 -translate-x-[0.5em] text-[45%] font-bold leading-none">99 €</sup><div class="translate-y-[10%] pl-1"><div class="text-2xs leading-4xl whitespace-nowrap text-neutral-700 tracking-[0.14px]" data-testid="base-price"><span class="sr-only">Grundpreis<!-- -->:</span><span>299.00 €/l</span></div></div></div></div></div><div class="font-base text-2xs leading-5xl h-4 text-neutral-600">+ Weitere Packungsgrößen</div></div></div></div></a></div></div><div data-testid="search-grid-product-card-wrapper" class="col-span-1 row-span-1"><hr class="md:hidden"/><div class="h-full"><a data-testid="product-card" title="Iberogast Classic Flüssigkeit 20 ml" class="hover:shadow-card relative flex h-full max-w-full cursor-pointer gap-2 rounded-lg pb-2 hover:outline-transparent focus:outline-transparent sm:pt-2 md:flex-col md:gap-0 md:px-[min(8%,_16px)]" href="/iberogast-classic-fluessigkeit/16507534"><div data-testid="product-details" class="relative flex flex-col md:pt-4"><div data-testid="badges-container" class="absolute left-0 top-[1rem] z-10 flex gap-1"></div><div class="flex justify-center"><div class="relative flex overflow-hidden"><img alt="Iberogast Classic Flüssigkeit 20 ml" loading="lazy" width="180" height="180" decoding="async" data-nimg="1" style="color:transparent" src="https://statics.docmorris.de/static/produkte/LGGX4C9U/docmorris/ps300r/iberogast-classic-fluessigkeit-20-ml-16507534-0-1755547274773159.jpg"/><span data-testid="skeleton" class="inline-block Skeleton_skeletonAnimation__7iWXi" style="width:180px;height:180px;position:absolute"></span></div></div></div><div class="relative flex min-w-0 flex-1 flex-col"><div class="flex flex-col justify-between"><div class="flex flex-col justify-between"><div data-testid="product-name" title="Iberogast Classic Flüssigkeit 20 ml" class="mb-0 line-clamp-2 h-[3.125rem] max-w-[13rem] break-words text-base font-semibold leading-6 text-neutral-700 focus-within:no-underline focus-within:outline-transparent hover:text-neutral-700 focus:text-neutral-700 focus:underline" role="heading" aria-level="2">Iberogast Classic Flüssigkeit 20 ml</div><div class="leading-2xl h-[1.125rem] truncate text-xs font-semibold text-neutral-600"><span>20 ml</span><span> • <!-- -->Flüssigkeit zum Einnehmen</span></div><div title="Bayer Vital GmbH Geschäftsbereich Selbstmedikation" class="w-[95%] overflow-hidden truncate text-xs font-semibold leading-5 text-neutral-600"><span>Bayer Vital GmbH Geschäftsbereich Selbstmedikation</span></div><div class="bold font flex h-5 items-center text-sm"><div class="rating-stars_ratingStars__3z6v5" role="img" aria-label="4.73 von 5 Sternen (1077 Bewertungen)"><div class="rating-stars_stars__Y0Wwp"><svg xmlns="http://www.w3.org/2000/svg" viewBox="0 0 100 100" aria-hidden="true" aria-label="LEGACY_star-100-percent" style="width:1rem" role="img"><path fill="currentColor" d="m98 39.373-34.162-2.9L50.502 4.995l-13.34 31.486L3 39.381 28.933 61.85l-7.792 33.39 29.36-17.718 29.36 17.718-7.792-33.4z"></path></svg><svg xmlns="http://www.w3.org/2000/svg" viewBox="0 0 100 100" aria-hidden="true" aria-label="LEGACY_star-100-percent" style="width:1rem" role="img"><path fill="currentColor" d="m98 39.373-34.162-2.9L50.502 4.995l-13.34 31.486L3 39.381 28.933 61.85l-7.792 33.39 29.36-17.718 29.36 17.718-7.792-33.4z"></path></svg><svg xmlns="http://www.w3.org/2000/svg" viewBox="0 0 100 100" aria-hidden="true" aria-label="LEGACY_star-100-percent" style="width:1rem" role="img"><path fill="currentColor" d="m98 39.373-34.162-2.9L50.502 4.995l-13.34 31.486L3 39.381 28.933 61.85l-7.792 33.39 29.36-17.718 29.36 17.718-7.792-33.4z"></path></svg><svg xmlns="http://www.w3.org/2000/svg" viewBox="0 0 100 100" aria-hidden="true" aria-label="LEGACY_star-100-percent" style="width:1rem" role="img"><path fill="currentColor" d="m98 39.373-34.162-2.9L50.502 4.995l-13.34 31.486L3 39.381 28.933 61.85l-7.792 33.39 29.36-17.718 29.36 17.718-7.792-33.4z"></path></svg><svg xmlns="http://www.w3.org/2000/svg" aria-hidden="true" viewBox="0 0 100 100" aria-label="LEGACY_star-75-percent" style="width:1rem" role="img"><svg width="75" height="100" viewBox="0 0 75 100" aria-hidden="true" aria-label="LEGACY_star-75-percent" style="width:1rem" role="img"><path fill="currentColor" d="M50.5 5.007 63.833 36.48l34.162 2.9-25.933 22.464 7.793 33.394-29.36-17.718-29.357 17.718 7.79-33.4L2.995 39.38l34.162-2.9Z"></path></svg><path fill="currentColor" stroke="currentColor" d="M50.5 15.683 60 38.102l.979 2.315 2.5.211L87.8 42.693l-18.469 16-1.9 1.646.574 2.45 5.548 23.775-20.906-12.615-2.152-1.3-2.152 1.3-20.9 12.615 5.548-23.775.571-2.45-1.9-1.646-18.467-16 24.318-2.065 2.5-.211.982-2.315 9.5-22.419m0-10.679L37.157 36.477l-34.162 2.9 25.933 22.464-7.79 33.4L50.495 77.52l29.36 17.718-7.793-33.394L97.995 39.38l-34.162-2.9L50.495 5.007z"></path></svg></div><div aria-hidden="true"><span class="ml-1 !text-nowrap text-xs font-normal leading-4 tracking-wide text-neutral-500">(<!-- -->1077<!-- -->)</span></div></div></div></div><div class="mt-2 md:mt-4"><div class="h-4 w-[60%]"><div class="text-sm leading-4xl font-normal whitespace-nowrap text-neutral-700" data-testid="recommended-retail-price"><span><span><s class="relative no-underline after:absolute after:text-[#F10] after:tablet:text-red-400 after:left-0 after:right-0 after:top-[45%] after:rotate-[-15deg] text-neutral-700 after:border-t after:border-current">13,99 €</s><span>*</span></span></span></div></div><div class="mt-2 flex gap-1 pb-4"><div data-testid="discount-badge"><span class="sr-only">Rabattstempel</span><div class="flex items-center justify-center text-right whitespace-nowrap select-none rounded leading-2xl min-w-[2.5rem] max-w-[17.5rem] bg-brand-accent-primary text-white"><div role="status" class="inline-flex items-center gap-x-1 text-xs px-2 py-1 font-semibold"><span>-21%</span></div></div></div><div class="flex text-neutral-700 whitespace-nowrap leading-price text-[1.625rem] mt-[0.125rem]" data-testid="sales-price"><span class="sr-only">Verkaufspreis<!-- -->:<span>10,99 €</span></span><span aria-hidden="true" class="font-bold">10<!-- -->,</span><div class="flex flex-col justify-between"><sup aria-hidden="true" class="top-0 -translate-x-[0.5em] text-[45%] font-bold leading-none">99 €</sup><div class="translate-y-[10%] pl-1"><div class="text-2xs leading-4xl whitespace-nowrap text-neutral-700 tracking-[0.14px]" data-testid="base-price"><span class="sr-only">Grundpreis<!-- -->:</span><span>549.50 €/l</span></div></div></div></div></div><div class="font-base text-2xs leading-5xl h-4 text-neutral-600">+ Weitere Packungsgrößen</div></div></div></div></a></div></div><div data-testid="search-grid-product-card-wrapper" class="col-span-1 row-span-1"><hr class="md:hidden"/><div class="h-full"><a data-testid="product-card" title="Ketozolin 2% Shampoo 120 ml" class="hover:shadow-card relative flex h-full max-w-full cursor-pointer gap-2 rounded-lg pb-2 hover:outline-transparent focus:outline-transparent sm:pt-2 md:flex-col md:gap-0 md:px-[min(8%,_16px)]" href="/ketozolin-2-shampoo/02837759"><div data-testid="product-details" class="relative flex flex-col md:pt-4"><div data-testid="badges-container" class="absolute left-0 top-[1rem] z-10 flex gap-1"></div><div class="flex justify-center"><div class="relative flex overflow-hidden"><img alt="Ketozolin 2% Shampoo 120 ml" loading="lazy" width="180" height="180" decoding="async" data-nimg="1" style="color:transparent" src="https://statics.docmorris.de/static/produkte/FX5QYBJ8/docmorris/ps300r/ketozolin-2-shampoo-120-ml-02837759-0-1763711653558463.jpg"/><span data-testid="skeleton" class="inline-block Skeleton_skeletonAnimation__7iWXi" style="width:180px;height:180px;position:absolute"></span></div></div></div><div class="relative flex min-w-0 flex-1 flex-col"><div class="flex flex-col justify-between"><div class="flex flex-col justify-between"><div data-testid="product-name" title="Ketozolin 2% Shampoo 120 ml" class="mb-0 line-clamp-2 h-[3.125rem] max-w-[13rem] break-words text-base font-semibold leading-6 text-neutral-700 focus-within:no-underline focus-within:outline-transparent hover:text-neutral-700 focus:text-neutral-700 focus:underline" role="heading" aria-level="2">Ketozolin 2% Shampoo 120 ml</div><div class="leading-2xl h-[1.125rem] truncate text-xs font-semibold text-neutral-600"><span>120 ml</span><span> • <!-- -->Shampoo</span></div><div title="Dermapharm AG Arzneimittel" class="w-[95%] overflow-hidden truncate text-xs font-semibold leading-5 text-neutral-600"><span>Dermapharm AG Arzneimittel</span></div><div class="bold font flex h-5 items-center text-sm"><div class="rating-stars_ratingStars__3z6v5" role="img" aria-label="4.69 von 5 Sternen (229 Bewertungen)"><div class="rating-stars_stars__Y0Wwp"><svg xmlns="http://www.w3.org/2000/svg" viewBox="0 0 100 100" aria-hidden="true" aria-label="LEGACY_star-100-percent" style="width:1rem" role="img"><path fill="currentColor" d="m98 39.373-34.162-2.9L50.502 4.995l-13.34 31.486L3 39.381 28.933 61.85l-7.792 33.39 29.36-17.718 29.36 17.718-7.792-33.4z"></path></svg><svg xmlns="http://www.w3.org/2000/svg" viewBox="0 0 100 100" aria-hidden="true" aria-label="LEGACY_star-100-percent" style="width:1rem" role="img"><path fill="currentColor" d="m98 39.373-34.162-2.9L50.502 4.995l-13.34 31.486L3 39.381 28.933 61.85l-7.792 33.39 29.36-17.718 29.36 17.718-7.792-33.4z"></path></svg><svg xmlns="http://www.w3.org/2000/svg" viewBox="0 0 100 100" aria-hidden="true" aria-label="LEGACY_star-100-percent" style="width:1rem" role="img"><path fill="currentColor" d="m98 39.373-34.162-2.9L50.502 4.995l-13.34 31.486L3 39.381 28.933 61.85l-7.792 33.39 29.36-17.718 29.36 17.718-7.792-33.4z"></path></svg><svg xmlns="http://www.w3.org/2000/svg" viewBox="0 0 100 100" aria-hidden="true" aria-label="LEGACY_star-100-percent" style="width:1rem" role="img"><path fill="currentColor" d="m98 39.373-34.162-2.9L50.502 4.995l-13.34 31.486L3 39.381 28.933 61.85l-7.792 33.39 29.36-17.718 29.36 17.718-7.792-33.4z"></path></svg><svg xmlns="http://www.w3.org/2000/svg" aria-hidden="true" viewBox="0 0 100 100" aria-label="LEGACY_star-75-percent" style="width:1rem" role="img"><svg width="75" height="100" viewBox="0 0 75 100" aria-hidden="true" aria-label="LEGACY_star-75-percent" style="width:1rem" role="img"><path fill="currentColor" d="M50.5 5.007 63.833 36.48l34.162 2.9-25.933 22.464 7.793 33.394-29.36-17.718-29.357 17.718 7.79-33.4L2.995 39.38l34.162-2.9Z"></path></svg><path fill="currentColor" stroke="currentColor" d="M50.5 15.683 60 38.102l.979 2.315 2.5.211L87.8 42.693l-18.469 16-1.9 1.646.574 2.45 5.548 23.775-20.906-12.615-2.152-1.3-2.152 1.3-20.9 12.615 5.548-23.775.571-2.45-1.9-1.646-18.467-16 24.318-2.065 2.5-.211.982-2.315 9.5-22.419m0-10.679L37.157 36.477l-34.162 2.9 25.933 22.464-7.79 33.4L50.495 77.52l29.36 17.718-7.793-33.394L97.995 39.38l-34.162-2.9L50.495 5.007z"></path></svg></div><div aria-hidden="true"><span class="ml-1 !text-nowrap text-xs font-normal leading-4 tracking-wide text-neutral-500">(<!-- -->229<!-- -->)</span></div></div></div></div><div class="mt-2 md:mt-4"><div class="h-4 w-[60%]"><div class="text-sm leading-4xl font-normal whitespace-nowrap text-neutral-700" data-testid="recommended-retail-price"><span><span><s class="relative no-underline after:absolute after:text-[#F10] after:tablet:text-red-400 after:left-0 after:right-0 after:top-[45%] after:rotate-[-15deg] text-neutral-700 after:border-t after:border-current">19,90 €</s><span>*</span></span></span></div></div><div class="mt-2 flex gap-1 pb-4"><div data-testid="discount-badge"><span class="sr-only">Rabattstempel</span><div class="flex items-center justify-center text-right whitespace-nowrap select-none rounded leading-2xl min-w-[2.5rem] max-w-[17.5rem] bg-brand-accent-primary text-white"><div role="status" class="inline-flex items-center gap-x-1 text-xs px-2 py-1 font-semibold"><span>-25%</span></div></div></div><div class="flex text-neutral-700 whitespace-nowrap leading-price text-[1.625rem] mt-[0.125rem]" data-testid="sales-price"><span class="sr-only">Verkaufspreis<!-- -->:<span>14,89 €</span></span><span aria-hidden="true" class="font-bold">14<!-- -->,</span><div class="flex flex-col justify-between"><sup aria-hidden="true" class="top-0 -translate-x-[0.5em] text-[45%] font-bold leading-none">89 €</sup><div class="translate-y-[10%] pl-1"><div class="text-2xs leading-4xl whitespace-nowrap text-neutral-700 tracking-[0.14px]" data-testid="base-price"><span class="sr-only">Grundpreis<!-- -->:</span><span>124.08 €/l</span></div></div></div></div></div><div class="font-base text-2xs leading-5xl h-4 text-neutral-600">+ Weitere Packungsgrößen</div></div></div></div></a></div></div><div data-testid="search-grid-product-card-wrapper" class="col-span-1 row-span-1"><hr class="md:hidden"/><div class="h-full"><a data-testid="product-card" title="Ibu 400 akut 50 St" class="hover:shadow-card relative flex h-full max-w-full cursor-pointer gap-2 rounded-lg pb-2 hover:outline-transparent focus:outline-transparent sm:pt-2 md:flex-col md:gap-0 md:px-[min(8%,_16px)]" href="/ibu-400-akut/03045316"><div data-testid="product-details" class="relative flex flex-col md:pt-4"><div data-testid="badges-container" class="absolute left-0 top-[1rem] z-10 flex gap-1"></div><div class="flex justify-center"><div class="relative flex overflow-hidden"><img alt="Ibu 400 akut 50 St" loading="lazy" width="180" height="180" decoding="async" data-nimg="1" style="color:transparent" src="https://statics.docmorris.de/static/produkte/FX5Q2QLR/docmorris/ps300r/ibu-400-akut-50-st-03045316-0-1745352026296987.jpg"/><span data-testid="skeleton" class="inline-block Skeleton_skeletonAnimation__7iWXi" style="width:180px;height:180px;position:absolute"></span></div></div></div><div class="relative flex min-w-0 flex-1 flex-col"><div class="flex flex-col justify-between"><div class="flex flex-col justify-between"><div data-testid="product-name" title="Ibu 400 akut 50 St" class="mb-0 line-clamp-2 h-[3.125rem] max-w-[13rem] break-words text-base font-semibold leading-6 text-neutral-700 focus-within:no-underline focus-within:outline-transparent hover:text-neutral-700 focus:text-neutral-700 focus:underline" role="heading" aria-level="2">Ibu 400 akut 50 St</div><div class="leading-2xl h-[1.125rem] truncate text-xs font-semibold text-neutral-600"><span>50 St</span><span> • <!-- -->Filmtabletten</span></div><div title="1A Pharma GmbH" class="w-[95%] overflow-hidden truncate text-xs font-semibold leading-5 text-neutral-600"><span>1A Pharma GmbH</span></div><div class="bold font flex h-5 items-center text-sm"><div class="rating-stars_ratingStars__3z6v5" role="img" aria-label="4.78 von 5 Sternen (482 Bewertungen)"><div class="rating-stars_stars__Y0Wwp"><svg xmlns="http://www.w3.org/2000/svg" viewBox="0 0 100 100" aria-hidden="true" aria-label="LEGACY_star-100-percent" style="width:1rem" role="img"><path fill="currentColor" d="m98 39.373-34.162-2.9L50.502 4.995l-13.34 31.486L3 39.381 28.933 61.85l-7.792 33.39 29.36-17.718 29.36 17.718-7.792-33.4z"></path></svg><svg xmlns="http://www.w3.org/2000/svg" viewBox="0 0 100 100" aria-hidden="true" aria-label="LEGACY_star-100-percent" style="width:1rem" role="img"><path fill="currentColor" d="m98 39.373-34.162-2.9L50.502 4.995l-13.34 31.486L3 39.381 28.933 61.85l-7.792 33.39 29.36-17.718 29.36 17.718-7.792-33.4z"></path></svg><svg xmlns="http://www.w3.org/2000/svg" viewBox="0 0 100 100" aria-hidden="true" aria-label="LEGACY_star-100-percent" style="width:1rem" role="img"><path fill="currentColor" d="m98 39.373-34.162-2.9L50.502 4.995l-13.34 31.486L3 39.381 28.933 61.85l-7.792 33.39 29.36-17.718 29.36 17.718-7.792-33.4z"></path></svg><svg xmlns="http://www.w3.org/2000/svg" viewBox="0 0 100 100" aria-hidden="true" aria-label="LEGACY_star-100-percent" style="width:1rem" role="img"><path fill="currentColor" d="m98 39.373-34.162-2.9L50.502 4.995l-13.34 31.486L3 39.381 28.933 61.85l-7.792 33.39 29.36-17.718 29.36 17.718-7.792-33.4z"></path></svg><svg xmlns="http://www.w3.org/2000/svg" viewBox="0 0 100 100" aria-hidden="true" aria-label="LEGACY_star-100-percent" style="width:1rem" role="img"><path fill="currentColor" d="m98 39.373-34.162-2.9L50.502 4.995l-13.34 31.486L3 39.381 28.933 61.85l-7.792 33.39 29.36-17.718 29.36 17.718-7.792-33.4z"></path></svg></div><div aria-hidden="true"><span class="ml-1 !text-nowrap text-xs font-normal leading-4 tracking-wide text-neutral-500">(<!-- -->482<!-- -->)</span></div></div></div></div><div class="mt-2 md:mt-4"><div class="h-4 w-[60%]"><div class="text-sm leading-4xl font-normal whitespace-nowrap text-neutral-700" data-testid="recommended-retail-price"><span><span><s class="relative no-underline after:absolute after:text-[#F10] after:tablet:text-red-400 after:left-0 after:right-0 after:top-[45%] after:rotate-[-15deg] text-neutral-700 after:border-t after:border-current">10,42 €</s><span>*</span></span></span></div></div><div class="mt-2 flex gap-1 pb-4"><div data-testid="discount-badge"><span class="sr-only">Rabattstempel</span><div class="flex items-center justify-center text-right whitespace-nowrap select-none rounded leading-2xl min-w-[2.5rem] max-w-[17.5rem] bg-brand-accent-primary text-white"><div role="status" class="inline-flex items-center gap-x-1 text-xs px-2 py-1 font-semibold"><span>-46%</span></div></div></div><div class="flex text-neutral-700 whitespace-nowrap leading-price text-[1.625rem] mt-[0.125rem]" data-testid="sales-price"><span class="sr-only">Verkaufspreis<!-- -->:<span>5,59 €</span></span><span aria-hidden="true" class="font-bold">5<!-- -->,</span><div class="flex flex-col justify-between"><sup aria-hidden="true" class="top-0 -translate-x-[0.5em] text-[45%] font-bold leading-none">59 €</sup><div class="translate-y-[10%] pl-1"><div class="text-2xs leading-4xl whitespace-nowrap text-neutral-700 tracking-[0.14px]" data-testid="base-price"><span class="sr-only">Grundpreis<!-- -->:</span><span>0.11 €/St</span></div></div></div></div></div><div class="font-base text-2xs leading-5xl h-4 text-neutral-600">+ Weitere Packungsgrößen</div></div></div></div></a></div></div><div data-testid="search-grid-product-card-wrapper" class="col-span-1 row-span-1"><hr class="md:hidden"/><div class="h-full"><a data-testid="product-card" title="WICK MediNait Erkältungssirup 180 ml" class="hover:shadow-card relative flex h-full max-w-full cursor-pointer gap-2 rounded-lg pb-2 hover:outline-transparent focus:outline-transparent sm:pt-2 md:flex-col md:gap-0 md:px-[min(8%,_16px)]" href="/wick-medinait-erkaeltungssirup/01689009"><div data-testid="product-details" class="relative flex flex-col md:pt-4"><div data-testid="badges-container" class="absolute left-0 top-[1rem] z-10 flex gap-1"></div><div class="flex justify-center"><div class="relative flex overflow-hidden"><img alt="WICK MediNait Erkältungssirup 180 ml" loading="lazy" width="180" height="180" decoding="async" data-nimg="1" style="color:transparent" src="https://statics.docmorris.de/static/produkte/FX5SSO76/docmorris/ps300r/wick-medinait-erkaeltungssirup-180-ml-01689009-0-1741704562341794.jpeg"/><span data-testid="skeleton" class="inline-block Skeleton_skeletonAnimation__7iWXi" style="width:180px;height:180px;position:absolute"></span></div></div></div><div class="relative flex min-w-0 flex-1 flex-col"><div class="flex flex-col justify-between"><div class="flex flex-col justify-between"><div data-testid="product-name" title="WICK MediNait Erkältungssirup 180 ml" class="mb-0 line-clamp-2 h-[3.125rem] max-w-[13rem] break-words text-base font-semibold leading-6 text-neutral-700 focus-within:no-underline focus-within:outline-transparent hover:text-neutral-700 focus:text-neutral-700 focus:underline" role="heading" aria-level="2">WICK MediNait Erkältungssirup 180 ml</div><div class="leading-2xl h-[1.125rem] truncate text-xs font-semibold text-neutral-600"><span>180 ml</span><span> • <!-- -->Sirup</span></div><div title="WICK Pharma - Zweigniederlassung der Procter &amp; Gamble GmbH" class="w-[95%] overflow-hidden truncate text-xs font-semibold leading-5 text-neutral-600"><span>WICK Pharma - Zweigniederlassung der Procter &amp; Gamble GmbH</span></div><div class="bold font flex h-5 items-center text-sm"><div class="rating-stars_ratingStars__3z6v5" role="img" aria-label="4.76 von 5 Sternen (1202 Bewertungen)"><div class="rating-stars_stars__Y0Wwp"><svg xmlns="http://www.w3.org/2000/svg" viewBox="0 0 100 100" aria-hidden="true" aria-label="LEGACY_star-100-percent" style="width:1rem" role="img"><path fill="currentColor" d="m98 39.373-34.162-2.9L50.502 4.995l-13.34 31.486L3 39.381 28.933 61.85l-7.792 33.39 29.36-17.718 29.36 17.718-7.792-33.4z"></path></svg><svg xmlns="http://www.w3.org/2000/svg" viewBox="0 0 100 100" aria-hidden="true" aria-label="LEGACY_star-100-percent" style="width:1rem" role="img"><path fill="currentColor" d="m98 39.373-34.162-2.9L50.502 4.995l-13.34 31.486L3 39.381 28.933 61.85l-7.792 33.39 29.36-17.718 29.36 17.718-7.792-33.4z"></path></svg><svg xmlns="http://www.w3.org/2000/svg" viewBox="0 0 100 100" aria-hidden="true" aria-label="LEGACY_star-100-percent" style="width:1rem" role="img"><path fill="currentColor" d="m98 39.373-34.162-2.9L50.502 4.995l-13.34 31.486L3 39.381 28.933 61.85l-7.792 33.39 29.36-17.718 29.36 17.718-7.792-33.4z"></path></svg><svg xmlns="http://www.w3.org/2000/svg" viewBox="0 0 100 100" aria-hidden="true" aria-label="LEGACY_star-100-percent" style="width:1rem" role="img"><path fill="currentColor" d="m98 39.373-34.162-2.9L50.502 4.995l-13.34 31.486L3 39.381 28.933 61.85l-7.792 33.39 29.36-17.718 29.36 17.718-7.792-33.4z"></path></svg><svg xmlns="http://www.w3.org/2000/svg" viewBox="0 0 100 100" aria-hidden="true" aria-label="LEGACY_star-100-percent" style="width:1rem" role="img"><path fill="currentColor" d="m98 39.373-34.162-2.9L50.502 4.995l-13.34 31.486L3 39.381 28.933 61.85l-7.792 33.39 29.36-17.718 29.36 17.718-7.792-33.4z"></path></svg></div><div aria-hidden="true"><span class="ml-1 !text-nowrap text-xs font-normal leading-4 tracking-wide text-neutral-500">(<!-- -->1202<!-- -->)</span></div></div></div></div><div class="mt-2 md:mt-4"><div class="h-4 w-[60%]"><div class="text-sm leading-4xl font-normal whitespace-nowrap text-neutral-700" data-testid="recommended-retail-price"><span><span><s class="relative no-underline after:absolute after:text-[#F10] after:tablet:text-red-400 after:left-0 after:right-0 after:top-[45%] after:rotate-[-15deg] text-neutral-700 after:border-t after:border-current">25,49 €</s><span>*</span></span></span></div></div><div class="mt-2 flex gap-1 pb-4"><div data-testid="discount-badge"><span class="sr-only">Rabattstempel</span><div class="flex items-center justify-center text-right whitespace-nowrap select-none rounded leading-2xl min-w-[2.5rem] max-w-[17.5rem] bg-brand-accent-primary text-white"><div role="status" class="inline-flex items-center gap-x-1 text-xs px-2 py-1 font-semibold"><span>-33%</span></div></div></div><div class="flex text-neutral-700 whitespace-nowrap leading-price text-[1.625rem] mt-[0.125rem]" data-testid="sales-price"><span class="sr-only">Verkaufspreis<!-- -->:<span>16,99 €</span></span><span aria-hidden="true" class="font-bold">16<!-- -->,</span><div class="flex flex-col justify-between"><sup aria-hidden="true" class="top-0 -translate-x-[0.5em] text-[45%] font-bold leading-none">99 €</sup><div class="translate-y-[10%] pl-1"><div class="text-2xs leading-4xl whitespace-nowrap text-neutral-700 tracking-[0.14px]" data-testid="base-price"><span class="sr-only">Grundpreis<!-- -->:</span><span>94.39 €/l</span></div></div></div></div></div><div class="font-base text-2xs leading-5xl h-4 text-neutral-600">+ Weitere Packungsgrößen</div></div></div></div></a></div></div><div data-testid="search-grid-product-card-wrapper" class="col-span-1 row-span-1"><hr class="md:hidden"/><div class="h-full"><a data-testid="product-card" title="Magnesium Verla N Dragees 200 St" class="hover:shadow-card relative flex h-full max-w-full cursor-pointer gap-2 rounded-lg pb-2 hover:outline-transparent focus:outline-transparent sm:pt-2 md:flex-col md:gap-0 md:px-[min(8%,_16px)]" href="/magnesium-verla-n-dragees/04911945"><div data-testid="product-details" class="relative flex flex-col md:pt-4"><div data-testid="badges-container" class="absolute left-0 top-[1rem] z-10 flex gap-1"></div><div class="flex justify-center"><div class="relative flex overflow-hidden"><img alt="Magnesium Verla N Dragees 200 St" loading="lazy" width="180" height="180" decoding="async" data-nimg="1" style="color:transparent" src="https://statics.docmorris.de/static/produkte/FX5K73KW/docmorris/ps300r/magnesium-verla-n-dragees-200-st-04911945-0-1714027178475510.jpeg"/><span data-testid="skeleton" class="inline-block Skeleton_skeletonAnimation__7iWXi" style="width:180px;height:180px;position:absolute"></span></div></div></div><div class="relative flex min-w-0 flex-1 flex-col"><div class="flex flex-col justify-between"><div class="flex flex-col justify-between"><div data-testid="product-name" title="Magnesium Verla N Dragees 200 St" class="mb-0 line-clamp-2 h-[3.125rem] max-w-[13rem] break-words text-base font-semibold leading-6 text-neutral-700 focus-within:no-underline focus-within:outline-transparent hover:text-neutral-700 focus:text-neutral-700 focus:underline" role="heading" aria-level="2">Magnesium Verla N Dragees 200 St</div><div class="leading-2xl h-[1.125rem] truncate text-xs font-semibold text-neutral-600"><span>200 St</span><span> • <!-- -->Tabletten magensaftresistent</span></div><div title="Verla-Pharm Arzneimittel GmbH &amp; Co. KG" class="w-[95%] overflow-hidden truncate text-xs font-semibold leading-5 text-neutral-600"><span>Verla-Pharm Arzneimittel GmbH &amp; Co. KG</span></div><div class="bold font flex h-5 items-center text-sm"><div class="rating-stars_ratingStars__3z6v5" role="img" aria-label="4.79 von 5 Sternen (903 Bewertungen)"><div class="rating-stars_stars__Y0Wwp"><svg xmlns="http://www.w3.org/2000/svg" viewBox="0 0 100 100" aria-hidden="true" aria-label="LEGACY_star-100-percent" style="width:1rem" role="img"><path fill="currentColor" d="m98 39.373-34.162-2.9L50.502 4.995l-13.34 31.486L3 39.381 28.933 61.85l-7.792 33.39 29.36-17.718 29.36 17.718-7.792-33.4z"></path></svg><svg xmlns="http://www.w3.org/2000/svg" viewBox="0 0 100 100" aria-hidden="true" aria-label="LEGACY_star-100-percent" style="width:1rem" role="img"><path fill="currentColor" d="m98 39.373-34.162-2.9L50.502 4.995l-13.34 31.486L3 39.381 28.933 61.85l-7.792 33.39 29.36-17.718 29.36 17.718-7.792-33.4z"></path></svg><svg xmlns="http://www.w3.org/2000/svg" viewBox="0 0 100 100" aria-hidden="true" aria-label="LEGACY_star-100-percent" style="width:1rem" role="img"><path fill="currentColor" d="m98 39.373-34.162-2.9L50.502 4.995l-13.34 31.486L3 39.381 28.933 61.85l-7.792 33.39 29.36-17.718 29.36 17.718-7.792-33.4z"></path></svg><svg xmlns="http://www.w3.org/2000/svg" viewBox="0 0 100 100" aria-hidden="true" aria-label="LEGACY_star-100-percent" style="width:1rem" role="img"><path fill="currentColor" d="m98 39.373-34.162-2.9L50.502 4.995l-13.34 31.486L3 39.381 28.933 61.85l-7.792 33.39 29.36-17.718 29.36 17.718-7.792-33.4z"></path></svg><svg xmlns="http://www.w3.org/2000/svg" viewBox="0 0 100 100" aria-hidden="true" aria-label="LEGACY_star-100-percent" style="width:1rem" role="img"><path fill="currentColor" d="m98 39.373-34.162-2.9L50.502 4.995l-13.34 31.486L3 39.381 28.933 61.85l-7.792 33.39 29.36-17.718 29.36 17.718-7.792-33.4z"></path></svg></div><div aria-hidden="true"><span class="ml-1 !text-nowrap text-xs font-normal leading-4 tracking-wide text-neutral-500">(<!-- -->903<!-- -->)</span></div></div></div></div><div class="mt-2 md:mt-4"><div class="h-4 w-[60%]"><div class="text-sm leading-4xl font-normal whitespace-nowrap text-neutral-700" data-testid="recommended-retail-price"><span><span><s class="relative no-underline after:absolute after:text-[#F10] after:tablet:text-red-400 after:left-0 after:right-0 after:top-[45%] after:rotate-[-15deg] text-neutral-700 after:border-t after:border-current">18,99 €</s><span>*</span></span></span></div></div><div class="mt-2 flex gap-1 pb-4"><div data-testid="discount-badge"><span class="sr-only">Rabattstempel</span><div class="flex items-center justify-center text-right whitespace-nowrap select-none rounded leading-2xl min-w-[2.5rem] max-w-[17.5rem] bg-brand-accent-primary text-white"><div role="status" class="inline-flex items-center gap-x-1 text-xs px-2 py-1 font-semibold"><span>-26%</span></div></div></div><div class="flex text-neutral-700 whitespace-nowrap leading-price text-[1.625rem] mt-[0.125rem]" data-testid="sales-price"><span class="sr-only">Verkaufspreis<!-- -->:<span>13,99 €</span></span><span aria-hidden="true" class="font-bold">13<!-- -->,</span><div class="flex flex-col justify-between"><sup aria-hidden="true" class="top-0 -translate-x-[0.5em] text-[45%] font-bold leading-none">99 €</sup><div class="translate-y-[10%] pl-1"><div class="text-2xs leading-4xl whitespace-nowrap text-neutral-700 tracking-[0.14px]" data-testid="base-price"><span class="sr-only">Grundpreis<!-- -->:</span><span>0.07 €/St</span></div></div></div></div></div><div class="font-base text-2xs leading-5xl h-4 text-neutral-600">+ Weitere Packungsgrößen</div></div></div></div></a></div></div><div data-testid="search-grid-product-card-wrapper" class="col-span-1 row-span-1"><hr class="md:hidden"/><div class="h-full"><a data-testid="product-card" title="Elmex Gelee Zahngel mit Fluorid 25 g" class="hover:shadow-card relative flex h-full max-w-full cursor-pointer gap-2 rounded-lg pb-2 hover:outline-transparent focus:outline-transparent sm:pt-2 md:flex-col md:gap-0 md:px-[min(8%,_16px)]" href="/elmex-gelee-zahngel-mit-fluorid/03120822"><div data-testid="product-details" class="relative flex flex-col md:pt-4"><div data-testid="badges-container" class="absolute left-0 top-[1rem] z-10 flex gap-1"></div><div class="flex justify-center"><div class="relative flex overflow-hidden"><img alt="Elmex Gelee Zahngel mit Fluorid 25 g" loading="lazy" width="180" height="180" decoding="async" data-nimg="1" style="color:transparent" src="https://statics.docmorris.de/static/produkte/FX5LEOCV/docmorris/ps300r/elmex-gelee-zahngel-mit-fluorid-25-g-03120822-0-1744270672852244.jpg"/><span data-testid="skeleton" class="inline-block Skeleton_skeletonAnimation__7iWXi" style="width:180px;height:180px;position:absolute"></span></div></div></div><div class="relative flex min-w-0 flex-1 flex-col"><div class="flex flex-col justify-between"><div class="flex flex-col justify-between"><div data-testid="product-name" title="Elmex Gelee Zahngel mit Fluorid 25 g" class="mb-0 line-clamp-2 h-[3.125rem] max-w-[13rem] break-words text-base font-semibold leading-6 text-neutral-700 focus-within:no-underline focus-within:outline-transparent hover:text-neutral-700 focus:text-neutral-700 focus:underline" role="heading" aria-level="2">Elmex Gelee Zahngel mit Fluorid 25 g</div><div class="leading-2xl h-[1.125rem] truncate text-xs font-semibold text-neutral-600"><span>25 g</span><span> • <!-- -->Gel</span></div><div title="CP GABA GmbH" class="w-[95%] overflow-hidden truncate text-xs font-semibold leading-5 text-neutral-600"><span>CP GABA GmbH</span></div><div class="bold font flex h-5 items-center text-sm"><div class="rating-stars_ratingStars__3z6v5" role="img" aria-label="4.53 von 5 Sternen (529 Bewertungen)"><div class="rating-stars_stars__Y0Wwp"><svg xmlns="http://www.w3.org/2000/svg" viewBox="0 0 100 100" aria-hidden="true" aria-label="LEGACY_star-100-percent" style="width:1rem" role="img"><path fill="currentColor" d="m98 39.373-34.162-2.9L50.502 4.995l-13.34 31.486L3 39.381 28.933 61.85l-7.792 33.39 29.36-17.718 29.36 17.718-7.792-33.4z"></path></svg><svg xmlns="http://www.w3.org/2000/svg" viewBox="0 0 100 100" aria-hidden="true" aria-label="LEGACY_star-100-percent" style="width:1rem" role="img"><path fill="currentColor" d="m98 39.373-34.162-2.9L50.502 4.995l-13.34 31.486L3 39.381 28.933 61.85l-7.792 33.39 29.36-17.718 29.36 17.718-7.792-33.4z"></path></svg><svg xmlns="http://www.w3.org/2000/svg" viewBox="0 0 100 100" aria-hidden="true" aria-label="LEGACY_star-100-percent" style="width:1rem" role="img"><path fill="currentColor" d="m98 39.373-34.162-2.9L50.502 4.995l-13.34 31.486L3 39.381 28.933 61.85l-7.792 33.39 29.36-17.718 29.36 17.718-7.792-33.4z"></path></svg><svg xmlns="http://www.w3.org/2000/svg" viewBox="0 0 100 100" aria-hidden="true" aria-label="LEGACY_star-100-percent" style="width:1rem" role="img"><path fill="currentColor" d="m98 39.373-34.162-2.9L50.502 4.995l-13.34 31.486L3 39.381 28.933 61.85l-7.792 33.39 29.36-17.718 29.36 17.718-7.792-33.4z"></path></svg><svg xmlns="http://www.w3.org/2000/svg" aria-hidden="true" viewBox="0 0 100 100" aria-label="LEGACY_star-75-percent" style="width:1rem" role="img"><svg width="75" height="100" viewBox="0 0 75 100" aria-hidden="true" aria-label="LEGACY_star-75-percent" style="width:1rem" role="img"><path fill="currentColor" d="M50.5 5.007 63.833 36.48l34.162 2.9-25.933 22.464 7.793 33.394-29.36-17.718-29.357 17.718 7.79-33.4L2.995 39.38l34.162-2.9Z"></path></svg><path fill="currentColor" stroke="currentColor" d="M50.5 15.683 60 38.102l.979 2.315 2.5.211L87.8 42.693l-18.469 16-1.9 1.646.574 2.45 5.548 23.775-20.906-12.615-2.152-1.3-2.152 1.3-20.9 12.615 5.548-23.775.571-2.45-1.9-1.646-18.467-16 24.318-2.065 2.5-.211.982-2.315 9.5-22.419m0-10.679L37.157 36.477l-34.162 2.9 25.933 22.464-7.79 33.4L50.495 77.52l29.36 17.718-7.793-33.394L97.995 39.38l-34.162-2.9L50.495 5.007z"></path></svg></div><div aria-hidden="true"><span class="ml-1 !text-nowrap text-xs font-normal leading-4 tracking-wide text-neutral-500">(<!-- -->529<!-- -->)</span></div></div></div></div><div class="mt-2 md:mt-4"><div class="h-4 w-[60%]"><div class="text-sm leading-4xl font-normal whitespace-nowrap text-neutral-700" data-testid="recommended-retail-price"><span><span><s class="relative no-underline after:absolute after:text-[#F10] after:tablet:text-red-400 after:left-0 after:right-0 after:top-[45%] after:rotate-[-15deg] text-neutral-700 after:border-t after:border-current">17,98 €</s><span>*</span></span></span></div></div><div class="mt-2 flex gap-1 pb-4"><div data-testid="discount-badge"><span class="sr-only">Rabattstempel</span><div class="flex items-center justify-center text-right whitespace-nowrap select-none rounded leading-2xl min-w-[2.5rem] max-w-[17.5rem] bg-brand-accent-primary text-white"><div role="status" class="inline-flex items-center gap-x-1 text-xs px-2 py-1 font-semibold"><span>-22%</span></div></div></div><div class="flex text-neutral-700 whitespace-nowrap leading-price text-[1.625rem] mt-[0.125rem]" data-testid="sales-price"><span class="sr-only">Verkaufspreis<!-- -->:<span>13,99 €</span></span><span aria-hidden="true" class="font-bold">13<!-- -->,</span><div class="flex flex-col justify-between"><sup aria-hidden="true" class="top-0 -translate-x-[0.5em] text-[45%] font-bold leading-none">99 €</sup><div class="translate-y-[10%] pl-1"><div class="text-2xs leading-4xl whitespace-nowrap text-neutral-700 tracking-[0.14px]" data-testid="base-price"><span class="sr-only">Grundpreis<!-- -->:</span><span>559.60 €/kg</span></div></div></div></div></div><div class="font-base text-2xs leading-5xl h-4 text-neutral-600"></div></div></div></div></a></div></div><div class="w-full my-2 col-start-1 md:mb-6 md:mt-0 md:col-end-4 tablet:col-end-5 hidden"><div id="kairion__largeLeader--b"></div></div><div data-testid="search-grid-product-card-wrapper" class="col-span-1 row-span-1"><hr class="md:hidden"/><div class="h-full"><a data-testid="product-card" title="VIGANTOL 1000 I.E. Vitamin D3 Tabletten 200 St" class="hover:shadow-card relative flex h-full max-w-full cursor-pointer gap-2 rounded-lg pb-2 hover:outline-transparent focus:outline-transparent sm:pt-2 md:flex-col md:gap-0 md:px-[min(8%,_16px)]" href="/vigantol-1000-ie-vitamin-d3-tabletten/13155690"><div data-testid="product-details" class="relative flex flex-col md:pt-4"><div data-testid="badges-container" class="absolute left-0 top-[1rem] z-10 flex gap-1"></div><div class="flex justify-center"><div class="relative flex overflow-hidden"><img alt="VIGANTOL 1000 I.E. Vitamin D3 Tabletten 200 St" loading="lazy" width="180" height="180" decoding="async" data-nimg="1" style="color:transparent" src="https://statics.docmorris.de/static/produkte/FX5AW3BS/docmorris/ps300r/vigantol-1000-i-e-vitamin-d3-tabletten-200-st-13155690-0-1765529485920332.png"/><span data-testid="skeleton" class="inline-block Skeleton_skeletonAnimation__7iWXi" style="width:180px;height:180px;position:absolute"></span></div></div></div><div class="relative flex min-w-0 flex-1 flex-col"><div class="flex flex-col justify-between"><div class="flex flex-col justify-between"><div data-testid="product-name" title="VIGANTOL 1000 I.E. Vitamin D3 Tabletten 200 St" class="mb-0 line-clamp-2 h-[3.125rem] max-w-[13rem] break-words text-base font-semibold leading-6 text-neutral-700 focus-within:no-underline focus-within:outline-transparent hover:text-neutral-700 focus:text-neutral-700 focus:underline" role="heading" aria-level="2">VIGANTOL 1000 I.E. Vitamin D3 Tabletten 200 St</div><div class="leading-2xl h-[1.125rem] truncate text-xs font-semibold text-neutral-600"><span>200 St</span><span> • <!-- -->Tabletten</span></div><div title="WICK Pharma - Zweigniederlassung der Procter &amp; Gamble GmbH" class="w-[95%] overflow-hidden truncate text-xs font-semibold leading-5 text-neutral-600"><span>WICK Pharma - Zweigniederlassung der Procter &amp; Gamble GmbH</span></div><div class="bold font flex h-5 items-center text-sm"><div class="rating-stars_ratingStars__3z6v5" role="img" aria-label="4.71 von 5 Sternen (375 Bewertungen)"><div class="rating-stars_stars__Y0Wwp"><svg xmlns="http://www.w3.org/2000/svg" viewBox="0 0 100 100" aria-hidden="true" aria-label="LEGACY_star-100-percent" style="width:1rem" role="img"><path fill="currentColor" d="m98 39.373-34.162-2.9L50.502 4.995l-13.34 31.486L3 39.381 28.933 61.85l-7.792 33.39 29.36-17.718 29.36 17.718-7.792-33.4z"></path></svg><svg xmlns="http://www.w3.org/2000/svg" viewBox="0 0 100 100" aria-hidden="true" aria-label="LEGACY_star-100-percent" style="width:1rem" role="img"><path fill="currentColor" d="m98 39.373-34.162-2.9L50.502 4.995l-13.34 31.486L3 39.381 28.933 61.85l-7.792 33.39 29.36-17.718 29.36 17.718-7.792-33.4z"></path></svg><svg xmlns="http://www.w3.org/2000/svg" viewBox="0 0 100 100" aria-hidden="true" aria-label="LEGACY_star-100-percent" style="width:1rem" role="img"><path fill="currentColor" d="m98 39.373-34.162-2.9L50.502 4.995l-13.34 31.486L3 39.381 28.933 61.85l-7.792 33.39 29.36-17.718 29.36 17.718-7.792-33.4z"></path></svg><svg xmlns="http://www.w3.org/2000/svg" viewBox="0 0 100 100" aria-hidden="true" aria-label="LEGACY_star-100-percent" style="width:1rem" role="img"><path fill="currentColor" d="m98 39.373-34.162-2.9L50.502 4.995l-13.34 31.486L3 39.381 28.933 61.85l-7.792 33.39 29.36-17.718 29.36 17.718-7.792-33.4z"></path></svg><svg xmlns="http://www.w3.org/2000/svg" aria-hidden="true" viewBox="0 0 100 100" aria-label="LEGACY_star-75-percent" style="width:1rem" role="img"><svg width="75" height="100" viewBox="0 0 75 100" aria-hidden="true" aria-label="LEGACY_star-75-percent" style="width:1rem" role="img"><path fill="currentColor" d="M50.5 5.007 63.833 36.48l34.162 2.9-25.933 22.464 7.793 33.394-29.36-17.718-29.357 17.718 7.79-33.4L2.995 39.38l34.162-2.9Z"></path></svg><path fill="currentColor" stroke="currentColor" d="M50.5 15.683 60 38.102l.979 2.315 2.5.211L87.8 42.693l-18.469 16-1.9 1.646.574 2.45 5.548 23.775-20.906-12.615-2.152-1.3-2.152 1.3-20.9 12.615 5.548-23.775.571-2.45-1.9-1.646-18.467-16 24.318-2.065 2.5-.211.982-2.315 9.5-22.419m0-10.679L37.157 36.477l-34.162 2.9 25.933 22.464-7.79 33.4L50.495 77.52l29.36 17.718-7.793-33.394L97.995 39.38l-34.162-2.9L50.495 5.007z"></path></svg></div><div aria-hidden="true"><span class="ml-1 !text-nowrap text-xs font-normal leading-4 tracking-wide text-neutral-500">(<!-- -->375<!-- -->)</span></div></div></div></div><div class="mt-2 md:mt-4"><div class="h-4 w-[60%]"><div class="text-sm leading-4xl font-normal whitespace-nowrap text-neutral-700" data-testid="recommended-retail-price"><span><span><s class="relative no-underline after:absolute after:text-[#F10] after:tablet:text-red-400 after:left-0 after:right-0 after:top-[45%] after:rotate-[-15deg] text-neutral-700 after:border-t after:border-current">17,47 €</s><span>*</span></span></span></div></div><div class="mt-2 flex gap-1 pb-4"><div data-testid="discount-badge"><span class="sr-only">Rabattstempel</span><div class="flex items-center justify-center text-right whitespace-nowrap select-none rounded leading-2xl min-w-[2.5rem] max-w-[17.5rem] bg-brand-accent-primary text-white"><div role="status" class="inline-flex items-center gap-x-1 text-xs px-2 py-1 font-semibold"><span>-26%</span></div></div></div><div class="flex text-neutral-700 whitespace-nowrap leading-price text-[1.625rem] mt-[0.125rem]" data-testid="sales-price"><span class="sr-only">Verkaufspreis<!-- -->:<span>12,99 €</span></span><span aria-hidden="true" class="font-bold">12<!-- -->,</span><div class="flex flex-col justify-between"><sup aria-hidden="true" class="top-0 -translate-x-[0.5em] text-[45%] font-bold leading-none">99 €</sup><div class="translate-y-[10%] pl-1"><div class="text-2xs leading-4xl whitespace-nowrap text-neutral-700 tracking-[0.14px]" data-testid="base-price"><span class="sr-only">Grundpreis<!-- -->:</span><span>0.06 €/St</span></div></div></div></div></div><div class="font-base text-2xs leading-5xl h-4 text-neutral-600">+ Weitere Packungsgrößen</div></div></div></div></a></div></div><div data-testid="search-grid-product-card-wrapper" class="col-span-1 row-span-1"><hr class="md:hidden"/><div class="h-full"><a data-testid="product-card" title="Ciclopoli gegen Nagelpilz 6,6 ml" class="hover:shadow-card relative flex h-full max-w-full cursor-pointer gap-2 rounded-lg pb-2 hover:outline-transparent focus:outline-transparent sm:pt-2 md:flex-col md:gap-0 md:px-[min(8%,_16px)]" href="/ciclopoli-gegen-nagelpilz/08907142"><div data-testid="product-details" class="relative flex flex-col md:pt-4"><div data-testid="badges-container" class="absolute left-0 top-[1rem] z-10 flex gap-1"></div><div class="flex justify-center"><div class="relative flex overflow-hidden"><img alt="Ciclopoli gegen Nagelpilz 6,6 ml" loading="lazy" width="180" height="180" decoding="async" data-nimg="1" style="color:transparent" src="https://statics.docmorris.de/static/produkte/FX5PGI2E/docmorris/ps300r/ciclopoli-gegen-nagelpilz-6-6-ml-08907142-0-1742462761884274.jpeg"/><span data-testid="skeleton" class="inline-block Skeleton_skeletonAnimation__7iWXi" style="width:180px;height:180px;position:absolute"></span></div></div></div><div class="relative flex min-w-0 flex-1 flex-col"><div class="flex flex-col justify-between"><div class="flex flex-col justify-between"><div data-testid="product-name" title="Ciclopoli gegen Nagelpilz 6,6 ml" class="mb-0 line-clamp-2 h-[3.125rem] max-w-[13rem] break-words text-base font-semibold leading-6 text-neutral-700 focus-within:no-underline focus-within:outline-transparent hover:text-neutral-700 focus:text-neutral-700 focus:underline" role="heading" aria-level="2">Ciclopoli gegen Nagelpilz 6,6 ml</div><div class="leading-2xl h-[1.125rem] truncate text-xs font-semibold text-neutral-600"><span>6,6 ml</span><span> • <!-- -->Wirkstoffhaltiger Nagellack</span></div><div title="ALMIRALL HERMAL GmbH" class="w-[95%] overflow-hidden truncate text-xs font-semibold leading-5 text-neutral-600"><span>ALMIRALL HERMAL GmbH</span></div><div class="bold font flex h-5 items-center text-sm"><div class="rating-stars_ratingStars__3z6v5" role="img" aria-label="4.19 von 5 Sternen (932 Bewertungen)"><div class="rating-stars_stars__Y0Wwp"><svg xmlns="http://www.w3.org/2000/svg" viewBox="0 0 100 100" aria-hidden="true" aria-label="LEGACY_star-100-percent" style="width:1rem" role="img"><path fill="currentColor" d="m98 39.373-34.162-2.9L50.502 4.995l-13.34 31.486L3 39.381 28.933 61.85l-7.792 33.39 29.36-17.718 29.36 17.718-7.792-33.4z"></path></svg><svg xmlns="http://www.w3.org/2000/svg" viewBox="0 0 100 100" aria-hidden="true" aria-label="LEGACY_star-100-percent" style="width:1rem" role="img"><path fill="currentColor" d="m98 39.373-34.162-2.9L50.502 4.995l-13.34 31.486L3 39.381 28.933 61.85l-7.792 33.39 29.36-17.718 29.36 17.718-7.792-33.4z"></path></svg><svg xmlns="http://www.w3.org/2000/svg" viewBox="0 0 100 100" aria-hidden="true" aria-label="LEGACY_star-100-percent" style="width:1rem" role="img"><path fill="currentColor" d="m98 39.373-34.162-2.9L50.502 4.995l-13.34 31.486L3 39.381 28.933 61.85l-7.792 33.39 29.36-17.718 29.36 17.718-7.792-33.4z"></path></svg><svg xmlns="http://www.w3.org/2000/svg" viewBox="0 0 100 100" aria-hidden="true" aria-label="LEGACY_star-100-percent" style="width:1rem" role="img"><path fill="currentColor" d="m98 39.373-34.162-2.9L50.502 4.995l-13.34 31.486L3 39.381 28.933 61.85l-7.792 33.39 29.36-17.718 29.36 17.718-7.792-33.4z"></path></svg><svg xmlns="http://www.w3.org/2000/svg" aria-hidden="true" viewBox="0 0 100 100" aria-label="LEGACY_star-25-percent" style="width:1rem" role="img"><svg width="25" height="100" viewBox="0 0 25 100" aria-hidden="true" aria-label="LEGACY_star-25-percent" style="width:1rem" role="img"><path fill="currentColor" d="M50.5 5.007 63.833 36.48l34.162 2.9-25.933 22.464 7.793 33.394-29.36-17.718-29.357 17.718 7.79-33.4L2.995 39.38l34.162-2.9Z"></path></svg><path fill="currentColor" stroke="currentColor" d="M50.5 15.683 60 38.102l.979 2.315 2.5.211L87.8 42.693l-18.469 16-1.9 1.646.574 2.45 5.548 23.775-20.906-12.615-2.152-1.3-2.152 1.3-20.9 12.615 5.548-23.775.571-2.45-1.9-1.646-18.467-16 24.318-2.065 2.5-.211.982-2.315 9.5-22.419m0-10.679L37.157 36.477l-34.162 2.9 25.933 22.464-7.79 33.4L50.495 77.52l29.36 17.718-7.793-33.394L97.995 39.38l-34.162-2.9L50.495 5.007z"></path></svg></div><div aria-hidden="true"><span class="ml-1 !text-nowrap text-xs font-normal leading-4 tracking-wide text-neutral-500">(<!-- -->932<!-- -->)</span></div></div></div></div><div class="mt-2 md:mt-4"><div class="h-4 w-[60%]"><div class="text-sm leading-4xl font-normal whitespace-nowrap text-neutral-700" data-testid="recommended-retail-price"><span><span><s class="relative no-underline after:absolute after:text-[#F10] after:tablet:text-red-400 after:left-0 after:right-0 after:top-[45%] after:rotate-[-15deg] text-neutral-700 after:border-t after:border-current">46,98 €</s><span>*</span></span></span></div></div><div class="mt-2 flex gap-1 pb-4"><div data-testid="discount-badge"><span class="sr-only">Rabattstempel</span><div class="flex items-center justify-center text-right whitespace-nowrap select-none rounded leading-2xl min-w-[2.5rem] max-w-[17.5rem] bg-brand-accent-primary text-white"><div role="status" class="inline-flex items-center gap-x-1 text-xs px-2 py-1 font-semibold"><span>-28%</span></div></div></div><div class="flex text-neutral-700 whitespace-nowrap leading-price text-[1.625rem] mt-[0.125rem]" data-testid="sales-price"><span class="sr-only">Verkaufspreis<!-- -->:<span>33,99 €</span></span><span aria-hidden="true" class="font-bold">33<!-- -->,</span><div class="flex flex-col justify-between"><sup aria-hidden="true" class="top-0 -translate-x-[0.5em] text-[45%] font-bold leading-none">99 €</sup><div class="translate-y-[10%] pl-1"><div class="text-2xs leading-4xl whitespace-nowrap text-neutral-700 tracking-[0.14px]" data-testid="base-price"><span class="sr-only">Grundpreis<!-- -->:</span><span>5150.00 €/l</span></div></div></div></div></div><div class="font-base text-2xs leading-5xl h-4 text-neutral-600">+ Weitere Packungsgrößen</div></div></div></div></a></div></div><div data-testid="search-grid-product-card-wrapper" class="col-span-1 row-span-1"><hr class="md:hidden"/><div class="h-full"><a data-testid="product-card" title="ACC akut 600 Hustenlöser 40 St" class="hover:shadow-card relative flex h-full max-w-full cursor-pointer gap-2 rounded-lg pb-2 hover:outline-transparent focus:outline-transparent sm:pt-2 md:flex-col md:gap-0 md:px-[min(8%,_16px)]" href="/acc-akut-600-hustenloeser/00520917"><div data-testid="product-details" class="relative flex flex-col md:pt-4"><div data-testid="badges-container" class="absolute left-0 top-[1rem] z-10 flex gap-1"></div><div class="flex justify-center"><div class="relative flex overflow-hidden"><img alt="ACC akut 600 Hustenlöser 40 St" loading="lazy" width="180" height="180" decoding="async" data-nimg="1" style="color:transparent" src="https://statics.docmorris.de/static/produkte/FX500P77/docmorris/ps300r/acc-akut-600-hustenloeser-40-st-00520917-0-1728465834819722.jpeg"/><span data-testid="skeleton" class="inline-block Skeleton_skeletonAnimation__7iWXi" style="width:180px;height:180px;position:absolute"></span></div></div></div><div class="relative flex min-w-0 flex-1 flex-col"><div class="flex flex-col justify-between"><div class="flex flex-col justify-between"><div data-testid="product-name" title="ACC akut 600 Hustenlöser 40 St" class="mb-0 line-clamp-2 h-[3.125rem] max-w-[13rem] break-words text-base font-semibold leading-6 text-neutral-700 focus-within:no-underline focus-within:outline-transparent hover:text-neutral-700 focus:text-neutral-700 focus:underline" role="heading" aria-level="2">ACC akut 600 Hustenlöser 40 St</div><div class="leading-2xl h-[1.125rem] truncate text-xs font-semibold text-neutral-600"><span>40 St</span><span> • <!-- -->Brausetabletten</span></div><div title="Hexal AG" class="w-[95%] overflow-hidden truncate text-xs font-semibold leading-5 text-neutral-600"><span>Hexal AG</span></div><div class="bold font flex h-5 items-center text-sm"><div class="rating-stars_ratingStars__3z6v5" role="img" aria-label="4.72 von 5 Sternen (1414 Bewertungen)"><div class="rating-stars_stars__Y0Wwp"><svg xmlns="http://www.w3.org/2000/svg" viewBox="0 0 100 100" aria-hidden="true" aria-label="LEGACY_star-100-percent" style="width:1rem" role="img"><path fill="currentColor" d="m98 39.373-34.162-2.9L50.502 4.995l-13.34 31.486L3 39.381 28.933 61.85l-7.792 33.39 29.36-17.718 29.36 17.718-7.792-33.4z"></path></svg><svg xmlns="http://www.w3.org/2000/svg" viewBox="0 0 100 100" aria-hidden="true" aria-label="LEGACY_star-100-percent" style="width:1rem" role="img"><path fill="currentColor" d="m98 39.373-34.162-2.9L50.502 4.995l-13.34 31.486L3 39.381 28.933 61.85l-7.792 33.39 29.36-17.718 29.36 17.718-7.792-33.4z"></path></svg><svg xmlns="http://www.w3.org/2000/svg" viewBox="0 0 100 100" aria-hidden="true" aria-label="LEGACY_star-100-percent" style="width:1rem" role="img"><path fill="currentColor" d="m98 39.373-34.162-2.9L50.502 4.995l-13.34 31.486L3 39.381 28.933 61.85l-7.792 33.39 29.36-17.718 29.36 17.718-7.792-33.4z"></path></svg><svg xmlns="http://www.w3.org/2000/svg" viewBox="0 0 100 100" aria-hidden="true" aria-label="LEGACY_star-100-percent" style="width:1rem" role="img"><path fill="currentColor" d="m98 39.373-34.162-2.9L50.502 4.995l-13.34 31.486L3 39.381 28.933 61.85l-7.792 33.39 29.36-17.718 29.36 17.718-7.792-33.4z"></path></svg><svg xmlns="http://www.w3.org/2000/svg" aria-hidden="true" viewBox="0 0 100 100" aria-label="LEGACY_star-75-percent" style="width:1rem" role="img"><svg width="75" height="100" viewBox="0 0 75 100" aria-hidden="true" aria-label="LEGACY_star-75-percent" style="width:1rem" role="img"><path fill="currentColor" d="M50.5 5.007 63.833 36.48l34.162 2.9-25.933 22.464 7.793 33.394-29.36-17.718-29.357 17.718 7.79-33.4L2.995 39.38l34.162-2.9Z"></path></svg><path fill="currentColor" stroke="currentColor" d="M50.5 15.683 60 38.102l.979 2.315 2.5.211L87.8 42.693l-18.469 16-1.9 1.646.574 2.45 5.548 23.775-20.906-12.615-2.152-1.3-2.152 1.3-20.9 12.615 5.548-23.775.571-2.45-1.9-1.646-18.467-16 24.318-2.065 2.5-.211.982-2.315 9.5-22.419m0-10.679L37.157 36.477l-34.162 2.9 25.933 22.464-7.79 33.4L50.495 77.52l29.36 17.718-7.793-33.394L97.995 39.38l-34.162-2.9L50.495 5.007z"></path></svg></div><div aria-hidden="true"><span class="ml-1 !text-nowrap text-xs font-normal leading-4 tracking-wide text-neutral-500">(<!-- -->1414<!-- -->)</span></div></div></div></div><div class="mt-2 md:mt-4"><div class="h-4 w-[60%]"><div class="text-sm leading-4xl font-normal whitespace-nowrap text-neutral-700" data-testid="recommended-retail-price"><span><span><s class="relative no-underline after:absolute after:text-[#F10] after:tablet:text-red-400 after:left-0 after:right-0 after:top-[45%] after:rotate-[-15deg] text-neutral-700 after:border-t after:border-current">36,96 €</s><span>*</span></span></span></div></div><div class="mt-2 flex gap-1 pb-4"><div data-testid="discount-badge"><span class="sr-only">Rabattstempel</span><div class="flex items-center justify-center text-right whitespace-nowrap select-none rounded leading-2xl min-w-[2.5rem] max-w-[17.5rem] bg-brand-accent-primary text-white"><div role="status" class="inline-flex items-center gap-x-1 text-xs px-2 py-1 font-semibold"><span>-47%</span></div></div></div><div class="flex text-neutral-700 whitespace-nowrap leading-price text-[1.625rem] mt-[0.125rem]" data-testid="sales-price"><span class="sr-only">Verkaufspreis<!-- -->:<span>19,75 €</span></span><span aria-hidden="true" class="font-bold">19<!-- -->,</span><div class="flex flex-col justify-between"><sup aria-hidden="true" class="top-0 -translate-x-[0.5em] text-[45%] font-bold leading-none">75 €</sup><div class="translate-y-[10%] pl-1"><div class="text-2xs leading-4xl whitespace-nowrap text-neutral-700 tracking-[0.14px]" data-testid="base-price"><span class="sr-only">Grundpreis<!-- -->:</span><span>0.49 €/St</span></div></div></div></div></div><div class="font-base text-2xs leading-5xl h-4 text-neutral-600">+ Weitere Packungsgrößen</div></div></div></div></a></div></div><div data-testid="search-grid-product-card-wrapper" class="col-span-1 row-span-1"><hr class="md:hidden"/><div class="h-full"><a data-testid="product-card" title="IBUHEXAL AKUT 400 50 St" class="hover:shadow-card relative flex h-full max-w-full cursor-pointer gap-2 rounded-lg pb-2 hover:outline-transparent focus:outline-transparent sm:pt-2 md:flex-col md:gap-0 md:px-[min(8%,_16px)]" href="/ibuhexal-akut-400/03161577"><div data-testid="product-details" class="relative flex flex-col md:pt-4"><div data-testid="badges-container" class="absolute left-0 top-[1rem] z-10 flex gap-1"></div><div class="flex justify-center"><div class="relative flex overflow-hidden"><img alt="IBUHEXAL AKUT 400 50 St" loading="lazy" width="180" height="180" decoding="async" data-nimg="1" style="color:transparent" src="https://statics.docmorris.de/static/produkte/FX5JU02P/docmorris/ps300r/ibuhexal-akut-400-50-st-03161577-0-1746216029287573.png"/><span data-testid="skeleton" class="inline-block Skeleton_skeletonAnimation__7iWXi" style="width:180px;height:180px;position:absolute"></span></div></div></div><div class="relative flex min-w-0 flex-1 flex-col"><div class="flex flex-col justify-between"><div class="flex flex-col justify-between"><div data-testid="product-name" title="IBUHEXAL AKUT 400 50 St" class="mb-0 line-clamp-2 h-[3.125rem] max-w-[13rem] break-words text-base font-semibold leading-6 text-neutral-700 focus-within:no-underline focus-within:outline-transparent hover:text-neutral-700 focus:text-neutral-700 focus:underline" role="heading" aria-level="2">IBUHEXAL AKUT 400 50 St</div><div class="leading-2xl h-[1.125rem] truncate text-xs font-semibold text-neutral-600"><span>50 St</span><span> • <!-- -->Filmtabletten</span></div><div title="Hexal AG" class="w-[95%] overflow-hidden truncate text-xs font-semibold leading-5 text-neutral-600"><span>Hexal AG</span></div><div class="bold font flex h-5 items-center text-sm"><div class="rating-stars_ratingStars__3z6v5" role="img" aria-label="4.74 von 5 Sternen (614 Bewertungen)"><div class="rating-stars_stars__Y0Wwp"><svg xmlns="http://www.w3.org/2000/svg" viewBox="0 0 100 100" aria-hidden="true" aria-label="LEGACY_star-100-percent" style="width:1rem" role="img"><path fill="currentColor" d="m98 39.373-34.162-2.9L50.502 4.995l-13.34 31.486L3 39.381 28.933 61.85l-7.792 33.39 29.36-17.718 29.36 17.718-7.792-33.4z"></path></svg><svg xmlns="http://www.w3.org/2000/svg" viewBox="0 0 100 100" aria-hidden="true" aria-label="LEGACY_star-100-percent" style="width:1rem" role="img"><path fill="currentColor" d="m98 39.373-34.162-2.9L50.502 4.995l-13.34 31.486L3 39.381 28.933 61.85l-7.792 33.39 29.36-17.718 29.36 17.718-7.792-33.4z"></path></svg><svg xmlns="http://www.w3.org/2000/svg" viewBox="0 0 100 100" aria-hidden="true" aria-label="LEGACY_star-100-percent" style="width:1rem" role="img"><path fill="currentColor" d="m98 39.373-34.162-2.9L50.502 4.995l-13.34 31.486L3 39.381 28.933 61.85l-7.792 33.39 29.36-17.718 29.36 17.718-7.792-33.4z"></path></svg><svg xmlns="http://www.w3.org/2000/svg" viewBox="0 0 100 100" aria-hidden="true" aria-label="LEGACY_star-100-percent" style="width:1rem" role="img"><path fill="currentColor" d="m98 39.373-34.162-2.9L50.502 4.995l-13.34 31.486L3 39.381 28.933 61.85l-7.792 33.39 29.36-17.718 29.36 17.718-7.792-33.4z"></path></svg><svg xmlns="http://www.w3.org/2000/svg" aria-hidden="true" viewBox="0 0 100 100" aria-label="LEGACY_star-75-percent" style="width:1rem" role="img"><svg width="75" height="100" viewBox="0 0 75 100" aria-hidden="true" aria-label="LEGACY_star-75-percent" style="width:1rem" role="img"><path fill="currentColor" d="M50.5 5.007 63.833 36.48l34.162 2.9-25.933 22.464 7.793 33.394-29.36-17.718-29.357 17.718 7.79-33.4L2.995 39.38l34.162-2.9Z"></path></svg><path fill="currentColor" stroke="currentColor" d="M50.5 15.683 60 38.102l.979 2.315 2.5.211L87.8 42.693l-18.469 16-1.9 1.646.574 2.45 5.548 23.775-20.906-12.615-2.152-1.3-2.152 1.3-20.9 12.615 5.548-23.775.571-2.45-1.9-1.646-18.467-16 24.318-2.065 2.5-.211.982-2.315 9.5-22.419m0-10.679L37.157 36.477l-34.162 2.9 25.933 22.464-7.79 33.4L50.495 77.52l29.36 17.718-7.793-33.394L97.995 39.38l-34.162-2.9L50.495 5.007z"></path></svg></div><div aria-hidden="true"><span class="ml-1 !text-nowrap text-xs font-normal leading-4 tracking-wide text-neutral-500">(<!-- -->614<!-- -->)</span></div></div></div></div><div class="mt-2 md:mt-4"><div class="h-4 w-[60%]"><div class="text-sm leading-4xl font-normal whitespace-nowrap text-neutral-700" data-testid="recommended-retail-price"><span><span><s class="relative no-underline after:absolute after:text-[#F10] after:tablet:text-red-400 after:left-0 after:right-0 after:top-[45%] after:rotate-[-15deg] text-neutral-700 after:border-t after:border-current">13,45 €</s><span>*</span></span></span></div></div><div class="mt-2 flex gap-1 pb-4"><div data-testid="discount-badge"><span class="sr-only">Rabattstempel</span><div class="flex items-center justify-center text-right whitespace-nowrap select-none rounded leading-2xl min-w-[2.5rem] max-w-[17.5rem] bg-brand-accent-primary text-white"><div role="status" class="inline-flex items-center gap-x-1 text-xs px-2 py-1 font-semibold"><span>-58%</span></div></div></div><div class="flex text-neutral-700 whitespace-nowrap leading-price text-[1.625rem] mt-[0.125rem]" data-testid="sales-price"><span class="sr-only">Verkaufspreis<!-- -->:<span>5,59 €</span></span><span aria-hidden="true" class="font-bold">5<!-- -->,</span><div class="flex flex-col justify-between"><sup aria-hidden="true" class="top-0 -translate-x-[0.5em] text-[45%] font-bold leading-none">59 €</sup><div class="translate-y-[10%] pl-1"><div class="text-2xs leading-4xl whitespace-nowrap text-neutral-700 tracking-[0.14px]" data-testid="base-price"><span class="sr-only">Grundpreis<!-- -->:</span><span>0.11 €/St</span></div></div></div></div></div><div class="font-base text-2xs leading-5xl h-4 text-neutral-600">+ Weitere Packungsgrößen</div></div></div></div></a></div></div><div data-testid="search-grid-product-card-wrapper" class="col-span-1 row-span-1"><hr class="md:hidden"/><div class="h-full"><a data-testid="product-card" title="Imodium akut lingual Schmelztabletten bei akutem Durchfall 12 St" class="hover:shadow-card relative flex h-full max-w-full cursor-pointer gap-2 rounded-lg pb-2 hover:outline-transparent focus:outline-transparent sm:pt-2 md:flex-col md:gap-0 md:px-[min(8%,_16px)]" href="/imodium-akut-lingual-schmelztabletten-bei-akutem-durchfall/01689854"><div data-testid="product-details" class="relative flex flex-col md:pt-4"><div data-testid="badges-container" class="absolute left-0 top-[1rem] z-10 flex gap-1"></div><div class="flex justify-center"><div class="relative flex overflow-hidden"><img alt="Imodium akut lingual Schmelztabletten bei akutem Durchfall 12 St" loading="lazy" width="180" height="180" decoding="async" data-nimg="1" style="color:transparent" src="https://statics.docmorris.de/static/produkte/FX5Q7GZG/docmorris/ps300r/imodium-akut-lingual-schmelztabletten-bei-akutem-d-01689854-0-1743072907051231.jpeg"/><span data-testid="skeleton" class="inline-block Skeleton_skeletonAnimation__7iWXi" style="width:180px;height:180px;position:absolute"></span></div></div></div><div class="relative flex min-w-0 flex-1 flex-col"><div class="flex flex-col justify-between"><div class="flex flex-col justify-between"><div data-testid="product-name" title="Imodium akut lingual Schmelztabletten bei akutem Durchfall 12 St" class="mb-0 line-clamp-2 h-[3.125rem] max-w-[13rem] break-words text-base font-semibold leading-6 text-neutral-700 focus-within:no-underline focus-within:outline-transparent hover:text-neutral-700 focus:text-neutral-700 focus:underline" role="heading" aria-level="2">Imodium akut lingual Schmelztabletten bei akutem Durchfall 12 St</div><div class="leading-2xl h-[1.125rem] truncate text-xs font-semibold text-neutral-600"><span>12 St</span><span> • <!-- -->Schmelztabletten</span></div><div title="Kenvue Germany GmbH (OTC)" class="w-[95%] overflow-hidden truncate text-xs font-semibold leading-5 text-neutral-600"><span>Kenvue Germany GmbH (OTC)</span></div><div class="bold font flex h-5 items-center text-sm"><div class="rating-stars_ratingStars__3z6v5" role="img" aria-label="4.79 von 5 Sternen (501 Bewertungen)"><div class="rating-stars_stars__Y0Wwp"><svg xmlns="http://www.w3.org/2000/svg" viewBox="0 0 100 100" aria-hidden="true" aria-label="LEGACY_star-100-percent" style="width:1rem" role="img"><path fill="currentColor" d="m98 39.373-34.162-2.9L50.502 4.995l-13.34 31.486L3 39.381 28.933 61.85l-7.792 33.39 29.36-17.718 29.36 17.718-7.792-33.4z"></path></svg><svg xmlns="http://www.w3.org/2000/svg" viewBox="0 0 100 100" aria-hidden="true" aria-label="LEGACY_star-100-percent" style="width:1rem" role="img"><path fill="currentColor" d="m98 39.373-34.162-2.9L50.502 4.995l-13.34 31.486L3 39.381 28.933 61.85l-7.792 33.39 29.36-17.718 29.36 17.718-7.792-33.4z"></path></svg><svg xmlns="http://www.w3.org/2000/svg" viewBox="0 0 100 100" aria-hidden="true" aria-label="LEGACY_star-100-percent" style="width:1rem" role="img"><path fill="currentColor" d="m98 39.373-34.162-2.9L50.502 4.995l-13.34 31.486L3 39.381 28.933 61.85l-7.792 33.39 29.36-17.718 29.36 17.718-7.792-33.4z"></path></svg><svg xmlns="http://www.w3.org/2000/svg" viewBox="0 0 100 100" aria-hidden="true" aria-label="LEGACY_star-100-percent" style="width:1rem" role="img"><path fill="currentColor" d="m98 39.373-34.162-2.9L50.502 4.995l-13.34 31.486L3 39.381 28.933 61.85l-7.792 33.39 29.36-17.718 29.36 17.718-7.792-33.4z"></path></svg><svg xmlns="http://www.w3.org/2000/svg" viewBox="0 0 100 100" aria-hidden="true" aria-label="LEGACY_star-100-percent" style="width:1rem" role="img"><path fill="currentColor" d="m98 39.373-34.162-2.9L50.502 4.995l-13.34 31.486L3 39.381 28.933 61.85l-7.792 33.39 29.36-17.718 29.36 17.718-7.792-33.4z"></path></svg></div><div aria-hidden="true"><span class="ml-1 !text-nowrap text-xs font-normal leading-4 tracking-wide text-neutral-500">(<!-- -->501<!-- -->)</span></div></div></div></div><div class="mt-2 md:mt-4"><div class="h-4 w-[60%]"><div class="text-sm leading-4xl font-normal whitespace-nowrap text-neutral-700" data-testid="recommended-retail-price"><span><span><s class="relative no-underline after:absolute after:text-[#F10] after:tablet:text-red-400 after:left-0 after:right-0 after:top-[45%] after:rotate-[-15deg] text-neutral-700 after:border-t after:border-current">15,29 €</s><span>*</span></span></span></div></div><div class="mt-2 flex gap-1 pb-4"><div data-testid="discount-badge"><span class="sr-only">Rabattstempel</span><div class="flex items-center justify-center text-right whitespace-nowrap select-none rounded leading-2xl min-w-[2.5rem] max-w-[17.5rem] bg-brand-accent-primary text-white"><div role="status" class="inline-flex items-center gap-x-1 text-xs px-2 py-1 font-semibold"><span>-28%</span></div></div></div><div class="flex text-neutral-700 whitespace-nowrap leading-price text-[1.625rem] mt-[0.125rem]" data-testid="sales-price"><span class="sr-only">Verkaufspreis<!-- -->:<span>10,99 €</span></span><span aria-hidden="true" class="font-bold">10<!-- -->,</span><div class="flex flex-col justify-between"><sup aria-hidden="true" class="top-0 -translate-x-[0.5em] text-[45%] font-bold leading-none">99 €</sup><div class="translate-y-[10%] pl-1"><div class="text-2xs leading-4xl whitespace-nowrap text-neutral-700 tracking-[0.14px]" data-testid="base-price"><span class="sr-only">Grundpreis<!-- -->:</span><span>0.92 €/St</span></div></div></div></div></div><div class="font-base text-2xs leading-5xl h-4 text-neutral-600">+ Weitere Packungsgrößen</div></div></div></div></a></div></div><div data-testid="search-grid-product-card-wrapper" class="col-span-1 row-span-1"><hr class="md:hidden"/><div class="h-full"><a data-testid="product-card" title="GeloMyrtol forte 20 St" class="hover:shadow-card relative flex h-full max-w-full cursor-pointer gap-2 rounded-lg pb-2 hover:outline-transparent focus:outline-transparent sm:pt-2 md:flex-col md:gap-0 md:px-[min(8%,_16px)]" href="/gelomyrtol-forte/01479157"><div data-testid="product-details" class="relative flex flex-col md:pt-4"><div data-testid="badges-container" class="absolute left-0 top-[1rem] z-10 flex gap-1"></div><div class="flex justify-center"><div class="relative flex overflow-hidden"><img alt="GeloMyrtol forte 20 St" loading="lazy" width="180" height="180" decoding="async" data-nimg="1" style="color:transparent" src="https://statics.docmorris.de/static/produkte/FX5NKR8W/docmorris/ps300r/gelomyrtol-forte-20-st-01479157-0-1727121612620493.jpg"/><span data-testid="skeleton" class="inline-block Skeleton_skeletonAnimation__7iWXi" style="width:180px;height:180px;position:absolute"></span></div></div></div><div class="relative flex min-w-0 flex-1 flex-col"><div class="flex flex-col justify-between"><div class="flex flex-col justify-between"><div data-testid="product-name" title="GeloMyrtol forte 20 St" class="mb-0 line-clamp-2 h-[3.125rem] max-w-[13rem] break-words text-base font-semibold leading-6 text-neutral-700 focus-within:no-underline focus-within:outline-transparent hover:text-neutral-700 focus:text-neutral-700 focus:underline" role="heading" aria-level="2">GeloMyrtol forte 20 St</div><div class="leading-2xl h-[1.125rem] truncate text-xs font-semibold text-neutral-600"><span>20 St</span><span> • <!-- -->Magensaftresistente Weichkapseln</span></div><div title="G. Pohl-Boskamp GmbH &amp; Co. KG" class="w-[95%] overflow-hidden truncate text-xs font-semibold leading-5 text-neutral-600"><span>G. Pohl-Boskamp GmbH &amp; Co. KG</span></div><div class="bold font flex h-5 items-center text-sm"><div class="rating-stars_ratingStars__3z6v5" role="img" aria-label="4.73 von 5 Sternen (1191 Bewertungen)"><div class="rating-stars_stars__Y0Wwp"><svg xmlns="http://www.w3.org/2000/svg" viewBox="0 0 100 100" aria-hidden="true" aria-label="LEGACY_star-100-percent" style="width:1rem" role="img"><path fill="currentColor" d="m98 39.373-34.162-2.9L50.502 4.995l-13.34 31.486L3 39.381 28.933 61.85l-7.792 33.39 29.36-17.718 29.36 17.718-7.792-33.4z"></path></svg><svg xmlns="http://www.w3.org/2000/svg" viewBox="0 0 100 100" aria-hidden="true" aria-label="LEGACY_star-100-percent" style="width:1rem" role="img"><path fill="currentColor" d="m98 39.373-34.162-2.9L50.502 4.995l-13.34 31.486L3 39.381 28.933 61.85l-7.792 33.39 29.36-17.718 29.36 17.718-7.792-33.4z"></path></svg><svg xmlns="http://www.w3.org/2000/svg" viewBox="0 0 100 100" aria-hidden="true" aria-label="LEGACY_star-100-percent" style="width:1rem" role="img"><path fill="currentColor" d="m98 39.373-34.162-2.9L50.502 4.995l-13.34 31.486L3 39.381 28.933 61.85l-7.792 33.39 29.36-17.718 29.36 17.718-7.792-33.4z"></path></svg><svg xmlns="http://www.w3.org/2000/svg" viewBox="0 0 100 100" aria-hidden="true" aria-label="LEGACY_star-100-percent" style="width:1rem" role="img"><path fill="currentColor" d="m98 39.373-34.162-2.9L50.502 4.995l-13.34 31.486L3 39.381 28.933 61.85l-7.792 33.39 29.36-17.718 29.36 17.718-7.792-33.4z"></path></svg><svg xmlns="http://www.w3.org/2000/svg" aria-hidden="true" viewBox="0 0 100 100" aria-label="LEGACY_star-75-percent" style="width:1rem" role="img"><svg width="75" height="100" viewBox="0 0 75 100" aria-hidden="true" aria-label="LEGACY_star-75-percent" style="width:1rem" role="img"><path fill="currentColor" d="M50.5 5.007 63.833 36.48l34.162 2.9-25.933 22.464 7.793 33.394-29.36-17.718-29.357 17.718 7.79-33.4L2.995 39.38l34.162-2.9Z"></path></svg><path fill="currentColor" stroke="currentColor" d="M50.5 15.683 60 38.102l.979 2.315 2.5.211L87.8 42.693l-18.469 16-1.9 1.646.574 2.45 5.548 23.775-20.906-12.615-2.152-1.3-2.152 1.3-20.9 12.615 5.548-23.775.571-2.45-1.9-1.646-18.467-16 24.318-2.065 2.5-.211.982-2.315 9.5-22.419m0-10.679L37.157 36.477l-34.162 2.9 25.933 22.464-7.79 33.4L50.495 77.52l29.36 17.718-7.793-33.394L97.995 39.38l-34.162-2.9L50.495 5.007z"></path></svg></div><div aria-hidden="true"><span class="ml-1 !text-nowrap text-xs font-normal leading-4 tracking-wide text-neutral-500">(<!-- -->1191<!-- -->)</span></div></div></div></div><div class="mt-2 md:mt-4"><div class="h-4 w-[60%]"><div class="text-sm leading-4xl font-normal whitespace-nowrap text-neutral-700" data-testid="recommended-retail-price"><span><span><s class="relative no-underline after:absolute after:text-[#F10] after:tablet:text-red-400 after:left-0 after:right-0 after:top-[45%] after:rotate-[-15deg] text-neutral-700 after:border-t after:border-current">15,20 €</s><span>*</span></span></span></div></div><div class="mt-2 flex gap-1 pb-4"><div data-testid="discount-badge"><span class="sr-only">Rabattstempel</span><div class="flex items-center justify-center text-right whitespace-nowrap select-none rounded leading-2xl min-w-[2.5rem] max-w-[17.5rem] bg-brand-accent-primary text-white"><div role="status" class="inline-flex items-center gap-x-1 text-xs px-2 py-1 font-semibold"><span>-28%</span></div></div></div><div class="flex text-neutral-700 whitespace-nowrap leading-price text-[1.625rem] mt-[0.125rem]" data-testid="sales-price"><span class="sr-only">Verkaufspreis<!-- -->:<span>10,99 €</span></span><span aria-hidden="true" class="font-bold">10<!-- -->,</span><div class="flex flex-col justify-between"><sup aria-hidden="true" class="top-0 -translate-x-[0.5em] text-[45%] font-bold leading-none">99 €</sup><div class="translate-y-[10%] pl-1"><div class="text-2xs leading-4xl whitespace-nowrap text-neutral-700 tracking-[0.14px]" data-testid="base-price"><span class="sr-only">Grundpreis<!-- -->:</span><span>0.55 €/St</span></div></div></div></div></div><div class="font-base text-2xs leading-5xl h-4 text-neutral-600">+ Weitere Packungsgrößen</div></div></div></div></a></div></div><div data-testid="search-grid-product-card-wrapper" class="col-span-1 row-span-1"><hr class="md:hidden"/><div class="h-full"><a data-testid="product-card" title="MINOXIDIL DoppelherzPharma 50 mg/ml Lösung 3X60 ml" class="hover:shadow-card relative flex h-full max-w-full cursor-pointer gap-2 rounded-lg pb-2 hover:outline-transparent focus:outline-transparent sm:pt-2 md:flex-col md:gap-0 md:px-[min(8%,_16px)]" href="/minoxidil-doppelherzpharma-50-mgml-loesung/17268563"><div data-testid="product-details" class="relative flex flex-col md:pt-4"><div data-testid="badges-container" class="absolute left-0 top-[1rem] z-10 flex gap-1"></div><div class="flex justify-center"><div class="relative flex overflow-hidden"><img alt="MINOXIDIL DoppelherzPharma 50 mg/ml Lösung 3X60 ml" loading="lazy" width="180" height="180" decoding="async" data-nimg="1" style="color:transparent" src="https://statics.docmorris.de/static/produkte/LG0TAW3U/docmorris/ps300r/minoxidil-doppelherzpharma-50-mg-ml-loesung-180-ml-17268563-0-1741809633275951.png"/><span data-testid="skeleton" class="inline-block Skeleton_skeletonAnimation__7iWXi" style="width:180px;height:180px;position:absolute"></span></div></div></div><div class="relative flex min-w-0 flex-1 flex-col"><div class="flex flex-col justify-between"><div class="flex flex-col justify-between"><div data-testid="product-name" title="MINOXIDIL DoppelherzPharma 50 mg/ml Lösung 3X60 ml" class="mb-0 line-clamp-2 h-[3.125rem] max-w-[13rem] break-words text-base font-semibold leading-6 text-neutral-700 focus-within:no-underline focus-within:outline-transparent hover:text-neutral-700 focus:text-neutral-700 focus:underline" role="heading" aria-level="2">MINOXIDIL DoppelherzPharma 50 mg/ml Lösung 3X60 ml</div><div class="leading-2xl h-[1.125rem] truncate text-xs font-semibold text-neutral-600"><span>3X60 ml</span><span> • <!-- -->Lösung</span></div><div title="Queisser Pharma GmbH &amp; Co. KG" class="w-[95%] overflow-hidden truncate text-xs font-semibold leading-5 text-neutral-600"><span>Queisser Pharma GmbH &amp; Co. KG</span></div><div class="bold font flex h-5 items-center text-sm"><div class="rating-stars_ratingStars__3z6v5" role="img" aria-label="3.79 von 5 Sternen (14 Bewertungen)"><div class="rating-stars_stars__Y0Wwp"><svg xmlns="http://www.w3.org/2000/svg" viewBox="0 0 100 100" aria-hidden="true" aria-label="LEGACY_star-100-percent" style="width:1rem" role="img"><path fill="currentColor" d="m98 39.373-34.162-2.9L50.502 4.995l-13.34 31.486L3 39.381 28.933 61.85l-7.792 33.39 29.36-17.718 29.36 17.718-7.792-33.4z"></path></svg><svg xmlns="http://www.w3.org/2000/svg" viewBox="0 0 100 100" aria-hidden="true" aria-label="LEGACY_star-100-percent" style="width:1rem" role="img"><path fill="currentColor" d="m98 39.373-34.162-2.9L50.502 4.995l-13.34 31.486L3 39.381 28.933 61.85l-7.792 33.39 29.36-17.718 29.36 17.718-7.792-33.4z"></path></svg><svg xmlns="http://www.w3.org/2000/svg" viewBox="0 0 100 100" aria-hidden="true" aria-label="LEGACY_star-100-percent" style="width:1rem" role="img"><path fill="currentColor" d="m98 39.373-34.162-2.9L50.502 4.995l-13.34 31.486L3 39.381 28.933 61.85l-7.792 33.39 29.36-17.718 29.36 17.718-7.792-33.4z"></path></svg><svg xmlns="http://www.w3.org/2000/svg" viewBox="0 0 100 100" aria-hidden="true" aria-label="LEGACY_star-100-percent" style="width:1rem" role="img"><path fill="currentColor" d="m98 39.373-34.162-2.9L50.502 4.995l-13.34 31.486L3 39.381 28.933 61.85l-7.792 33.39 29.36-17.718 29.36 17.718-7.792-33.4z"></path></svg><svg xmlns="http://www.w3.org/2000/svg" viewBox="0 0 100 100" aria-hidden="true" aria-label="LEGACY_star-0-percent" style="width:1rem" role="img"><path fill="currentColor" d="M49.5 15.682 59 38.104l.981 2.315 2.5.214 24.32 2.062-18.467 16-1.9 1.646.573 2.45 5.546 23.775-20.9-12.615-2.152-1.3-2.155 1.3-20.9 12.618 5.546-23.778.573-2.45-1.9-1.646-18.47-16 24.32-2.062 2.506-.214.979-2.315 9.5-22.418m0-10.682L36.16 36.48l-34.162 2.9 25.935 22.465-7.794 33.4L49.5 77.515l29.36 17.72-7.794-33.395 25.932-22.465-34.159-2.9L49.5 5.004z"></path></svg></div><div aria-hidden="true"><span class="ml-1 !text-nowrap text-xs font-normal leading-4 tracking-wide text-neutral-500">(<!-- -->14<!-- -->)</span></div></div></div></div><div class="mt-2 md:mt-4"><div class="h-4 w-[60%]"><div class="text-sm leading-4xl font-normal whitespace-nowrap text-neutral-700" data-testid="recommended-retail-price"><span><span><s class="relative no-underline after:absolute after:text-[#F10] after:tablet:text-red-400 after:left-0 after:right-0 after:top-[45%] after:rotate-[-15deg] text-neutral-700 after:border-t after:border-current">46,96 €</s><span>*</span></span></span></div></div><div class="mt-2 flex gap-1 pb-4"><div data-testid="discount-badge"><span class="sr-only">Rabattstempel</span><div class="flex items-center justify-center text-right whitespace-nowrap select-none rounded leading-2xl min-w-[2.5rem] max-w-[17.5rem] bg-brand-accent-primary text-white"><div role="status" class="inline-flex items-center gap-x-1 text-xs px-2 py-1 font-semibold"><span>-23%</span></div></div></div><div class="flex text-neutral-700 whitespace-nowrap leading-price text-[1.625rem] mt-[0.125rem]" data-testid="sales-price"><span class="sr-only">Verkaufspreis<!-- -->:<span>35,99 €</span></span><span aria-hidden="true" class="font-bold">35<!-- -->,</span><div class="flex flex-col justify-between"><sup aria-hidden="true" class="top-0 -translate-x-[0.5em] text-[45%] font-bold leading-none">99 €</sup><div class="translate-y-[10%] pl-1"><div class="text-2xs leading-4xl whitespace-nowrap text-neutral-700 tracking-[0.14px]" data-testid="base-price"><span class="sr-only">Grundpreis<!-- -->:</span><span>199.94 €/l</span></div></div></div></div></div><div class="font-base text-2xs leading-5xl h-4 text-neutral-600">+ Weitere Packungsgrößen</div></div></div></div></a></div></div><div data-testid="search-grid-product-card-wrapper" class="col-span-1 row-span-1"><hr class="md:hidden"/><div class="h-full"><a data-testid="product-card" title="Paracetamol AL 500 20 St" class="hover:shadow-card relative flex h-full max-w-full cursor-pointer gap-2 rounded-lg pb-2 hover:outline-transparent focus:outline-transparent sm:pt-2 md:flex-col md:gap-0 md:px-[min(8%,_16px)]" href="/paracetamol-al-500/06718342"><div data-testid="product-details" class="relative flex flex-col md:pt-4"><div data-testid="badges-container" class="absolute left-0 top-[1rem] z-10 flex gap-1"></div><div class="flex justify-center"><div class="relative flex overflow-hidden"><img alt="Paracetamol AL 500 20 St" loading="lazy" width="180" height="180" decoding="async" data-nimg="1" style="color:transparent" src="https://statics.docmorris.de/static/produkte/FX566QTS/docmorris/ps300r/paracetamol-al-500-20-st-06718342-0-1755892847120961.jpg"/><span data-testid="skeleton" class="inline-block Skeleton_skeletonAnimation__7iWXi" style="width:180px;height:180px;position:absolute"></span></div></div></div><div class="relative flex min-w-0 flex-1 flex-col"><div class="flex flex-col justify-between"><div class="flex flex-col justify-between"><div data-testid="product-name" title="Paracetamol AL 500 20 St" class="mb-0 line-clamp-2 h-[3.125rem] max-w-[13rem] break-words text-base font-semibold leading-6 text-neutral-700 focus-within:no-underline focus-within:outline-transparent hover:text-neutral-700 focus:text-neutral-700 focus:underline" role="heading" aria-level="2">Paracetamol AL 500 20 St</div><div class="leading-2xl h-[1.125rem] truncate text-xs font-semibold text-neutral-600"><span>20 St</span><span> • <!-- -->Tabletten</span></div><div title="ALIUD Pharma GmbH" class="w-[95%] overflow-hidden truncate text-xs font-semibold leading-5 text-neutral-600"><span>ALIUD Pharma GmbH</span></div><div class="bold font flex h-5 items-center text-sm"><div class="rating-stars_ratingStars__3z6v5" role="img" aria-label="4.73 von 5 Sternen (255 Bewertungen)"><div class="rating-stars_stars__Y0Wwp"><svg xmlns="http://www.w3.org/2000/svg" viewBox="0 0 100 100" aria-hidden="true" aria-label="LEGACY_star-100-percent" style="width:1rem" role="img"><path fill="currentColor" d="m98 39.373-34.162-2.9L50.502 4.995l-13.34 31.486L3 39.381 28.933 61.85l-7.792 33.39 29.36-17.718 29.36 17.718-7.792-33.4z"></path></svg><svg xmlns="http://www.w3.org/2000/svg" viewBox="0 0 100 100" aria-hidden="true" aria-label="LEGACY_star-100-percent" style="width:1rem" role="img"><path fill="currentColor" d="m98 39.373-34.162-2.9L50.502 4.995l-13.34 31.486L3 39.381 28.933 61.85l-7.792 33.39 29.36-17.718 29.36 17.718-7.792-33.4z"></path></svg><svg xmlns="http://www.w3.org/2000/svg" viewBox="0 0 100 100" aria-hidden="true" aria-label="LEGACY_star-100-percent" style="width:1rem" role="img"><path fill="currentColor" d="m98 39.373-34.162-2.9L50.502 4.995l-13.34 31.486L3 39.381 28.933 61.85l-7.792 33.39 29.36-17.718 29.36 17.718-7.792-33.4z"></path></svg><svg xmlns="http://www.w3.org/2000/svg" viewBox="0 0 100 100" aria-hidden="true" aria-label="LEGACY_star-100-percent" style="width:1rem" role="img"><path fill="currentColor" d="m98 39.373-34.162-2.9L50.502 4.995l-13.34 31.486L3 39.381 28.933 61.85l-7.792 33.39 29.36-17.718 29.36 17.718-7.792-33.4z"></path></svg><svg xmlns="http://www.w3.org/2000/svg" aria-hidden="true" viewBox="0 0 100 100" aria-label="LEGACY_star-75-percent" style="width:1rem" role="img"><svg width="75" height="100" viewBox="0 0 75 100" aria-hidden="true" aria-label="LEGACY_star-75-percent" style="width:1rem" role="img"><path fill="currentColor" d="M50.5 5.007 63.833 36.48l34.162 2.9-25.933 22.464 7.793 33.394-29.36-17.718-29.357 17.718 7.79-33.4L2.995 39.38l34.162-2.9Z"></path></svg><path fill="currentColor" stroke="currentColor" d="M50.5 15.683 60 38.102l.979 2.315 2.5.211L87.8 42.693l-18.469 16-1.9 1.646.574 2.45 5.548 23.775-20.906-12.615-2.152-1.3-2.152 1.3-20.9 12.615 5.548-23.775.571-2.45-1.9-1.646-18.467-16 24.318-2.065 2.5-.211.982-2.315 9.5-22.419m0-10.679L37.157 36.477l-34.162 2.9 25.933 22.464-7.79 33.4L50.495 77.52l29.36 17.718-7.793-33.394L97.995 39.38l-34.162-2.9L50.495 5.007z"></path></svg></div><div aria-hidden="true"><span class="ml-1 !text-nowrap text-xs font-normal leading-4 tracking-wide text-neutral-500">(<!-- -->255<!-- -->)</span></div></div></div></div><div class="mt-2 md:mt-4"><div class="h-4 w-[60%]"><div class="text-sm leading-4xl font-normal whitespace-nowrap text-neutral-700" data-testid="recommended-retail-price"><span><span><s class="relative no-underline after:absolute after:text-[#F10] after:tablet:text-red-400 after:left-0 after:right-0 after:top-[45%] after:rotate-[-15deg] text-neutral-700 after:border-t after:border-current">2,15 €</s><span>*</span></span></span></div></div><div class="mt-2 flex gap-1 pb-4"><div data-testid="discount-badge"><span class="sr-only">Rabattstempel</span><div class="flex items-center justify-center text-right whitespace-nowrap select-none rounded leading-2xl min-w-[2.5rem] max-w-[17.5rem] bg-brand-accent-primary text-white"><div role="status" class="inline-flex items-center gap-x-1 text-xs px-2 py-1 font-semibold"><span>-45%</span></div></div></div><div class="flex text-neutral-700 whitespace-nowrap leading-price text-[1.625rem] mt-[0.125rem]" data-testid="sales-price"><span class="sr-only">Verkaufspreis<!-- -->:<span>1,19 €</span></span><span aria-hidden="true" class="font-bold">1<!-- -->,</span><div class="flex flex-col justify-between"><sup aria-hidden="true" class="top-0 -translate-x-[0.5em] text-[45%] font-bold leading-none">19 €</sup><div class="translate-y-[10%] pl-1"><div class="text-2xs leading-4xl whitespace-nowrap text-neutral-700 tracking-[0.14px]" data-testid="base-price"><span class="sr-only">Grundpreis<!-- -->:</span><span>0.06 €/St</span></div></div></div></div></div><div class="font-base text-2xs leading-5xl h-4 text-neutral-600">+ Weitere Packungsgrößen</div></div></div></div></a></div></div><div class="w-full my-2 col-start-1 md:mb-6 md:mt-0 md:col-end-4 tablet:col-end-5 hidden"><div id="kairion__largeLeader--c"></div></div><div data-testid="search-grid-product-card-wrapper" class="col-span-1 row-span-1"><hr class="md:hidden"/><div class="h-full"><a data-testid="product-card" title="Nasenspray ratiopharm Kinder konservierungsmittelfrei 10 ml" class="hover:shadow-card relative flex h-full max-w-full cursor-pointer gap-2 rounded-lg pb-2 hover:outline-transparent focus:outline-transparent sm:pt-2 md:flex-col md:gap-0 md:px-[min(8%,_16px)]" href="/nasenspray-ratiopharm-kinder-konservierungsmittelfrei/00999854"><div data-testid="product-details" class="relative flex flex-col md:pt-4"><div data-testid="badges-container" class="absolute left-0 top-[1rem] z-10 flex gap-1"></div><div class="flex justify-center"><div class="relative flex overflow-hidden"><img alt="Nasenspray ratiopharm Kinder konservierungsmittelfrei 10 ml" loading="lazy" width="180" height="180" decoding="async" data-nimg="1" style="color:transparent" src="https://statics.docmorris.de/static/produkte/FX5RXB9F/docmorris/ps300r/nasenspray-ratiopharm-kinder-konservierungsmittelf-00999854-0-1713968231356329.jpeg"/><span data-testid="skeleton" class="inline-block Skeleton_skeletonAnimation__7iWXi" style="width:180px;height:180px;position:absolute"></span></div></div></div><div class="relative flex min-w-0 flex-1 flex-col"><div class="flex flex-col justify-between"><div class="flex flex-col justify-between"><div data-testid="product-name" title="Nasenspray ratiopharm Kinder konservierungsmittelfrei 10 ml" class="mb-0 line-clamp-2 h-[3.125rem] max-w-[13rem] break-words text-base font-semibold leading-6 text-neutral-700 focus-within:no-underline focus-within:outline-transparent hover:text-neutral-700 focus:text-neutral-700 focus:underline" role="heading" aria-level="2">Nasenspray ratiopharm Kinder konservierungsmittelfrei 10 ml</div><div class="leading-2xl h-[1.125rem] truncate text-xs font-semibold text-neutral-600"><span>10 ml</span><span> • <!-- -->Nasenspray</span></div><div title="ratiopharm GmbH" class="w-[95%] overflow-hidden truncate text-xs font-semibold leading-5 text-neutral-600"><span>ratiopharm GmbH</span></div><div class="bold font flex h-5 items-center text-sm"><div class="rating-stars_ratingStars__3z6v5" role="img" aria-label="4.83 von 5 Sternen (324 Bewertungen)"><div class="rating-stars_stars__Y0Wwp"><svg xmlns="http://www.w3.org/2000/svg" viewBox="0 0 100 100" aria-hidden="true" aria-label="LEGACY_star-100-percent" style="width:1rem" role="img"><path fill="currentColor" d="m98 39.373-34.162-2.9L50.502 4.995l-13.34 31.486L3 39.381 28.933 61.85l-7.792 33.39 29.36-17.718 29.36 17.718-7.792-33.4z"></path></svg><svg xmlns="http://www.w3.org/2000/svg" viewBox="0 0 100 100" aria-hidden="true" aria-label="LEGACY_star-100-percent" style="width:1rem" role="img"><path fill="currentColor" d="m98 39.373-34.162-2.9L50.502 4.995l-13.34 31.486L3 39.381 28.933 61.85l-7.792 33.39 29.36-17.718 29.36 17.718-7.792-33.4z"></path></svg><svg xmlns="http://www.w3.org/2000/svg" viewBox="0 0 100 100" aria-hidden="true" aria-label="LEGACY_star-100-percent" style="width:1rem" role="img"><path fill="currentColor" d="m98 39.373-34.162-2.9L50.502 4.995l-13.34 31.486L3 39.381 28.933 61.85l-7.792 33.39 29.36-17.718 29.36 17.718-7.792-33.4z"></path></svg><svg xmlns="http://www.w3.org/2000/svg" viewBox="0 0 100 100" aria-hidden="true" aria-label="LEGACY_star-100-percent" style="width:1rem" role="img"><path fill="currentColor" d="m98 39.373-34.162-2.9L50.502 4.995l-13.34 31.486L3 39.381 28.933 61.85l-7.792 33.39 29.36-17.718 29.36 17.718-7.792-33.4z"></path></svg><svg xmlns="http://www.w3.org/2000/svg" viewBox="0 0 100 100" aria-hidden="true" aria-label="LEGACY_star-100-percent" style="width:1rem" role="img"><path fill="currentColor" d="m98 39.373-34.162-2.9L50.502 4.995l-13.34 31.486L3 39.381 28.933 61.85l-7.792 33.39 29.36-17.718 29.36 17.718-7.792-33.4z"></path></svg></div><div aria-hidden="true"><span class="ml-1 !text-nowrap text-xs font-normal leading-4 tracking-wide text-neutral-500">(<!-- -->324<!-- -->)</span></div></div></div></div><div class="mt-2 md:mt-4"><div class="h-4 w-[60%]"><div class="text-sm leading-4xl font-normal whitespace-nowrap text-neutral-700" data-testid="recommended-retail-price"><span><span><s class="relative no-underline after:absolute after:text-[#F10] after:tablet:text-red-400 after:left-0 after:right-0 after:top-[45%] after:rotate-[-15deg] text-neutral-700 after:border-t after:border-current">4,24 €</s><span>*</span></span></span></div></div><div class="mt-2 flex gap-1 pb-4"><div data-testid="discount-badge"><span class="sr-only">Rabattstempel</span><div class="flex items-center justify-center text-right whitespace-nowrap select-none rounded leading-2xl min-w-[2.5rem] max-w-[17.5rem] bg-brand-accent-primary text-white"><div role="status" class="inline-flex items-center gap-x-1 text-xs px-2 py-1 font-semibold"><span>-34%</span></div></div></div><div class="flex text-neutral-700 whitespace-nowrap leading-price text-[1.625rem] mt-[0.125rem]" data-testid="sales-price"><span class="sr-only">Verkaufspreis<!-- -->:<span>2,79 €</span></span><span aria-hidden="true" class="font-bold">2<!-- -->,</span><div class="flex flex-col justify-between"><sup aria-hidden="true" class="top-0 -translate-x-[0.5em] text-[45%] font-bold leading-none">79 €</sup><div class="translate-y-[10%] pl-1"><div class="text-2xs leading-4xl whitespace-nowrap text-neutral-700 tracking-[0.14px]" data-testid="base-price"><span class="sr-only">Grundpreis<!-- -->:</span><span>279.00 €/l</span></div></div></div></div></div><div class="font-base text-2xs leading-5xl h-4 text-neutral-600">+ Weitere Packungsgrößen</div></div></div></div></a></div></div><div data-testid="search-grid-product-card-wrapper" class="col-span-1 row-span-1"><hr class="md:hidden"/><div class="h-full"><a data-testid="product-card" title="Regaine Männer Schaum mit Minoxidil 3X60 ml" class="hover:shadow-card relative flex h-full max-w-full cursor-pointer gap-2 rounded-lg pb-2 hover:outline-transparent focus:outline-transparent sm:pt-2 md:flex-col md:gap-0 md:px-[min(8%,_16px)]" href="/regaine-maenner-schaum-mit-minoxidil/09100275"><div data-testid="product-details" class="relative flex flex-col md:pt-4"><div data-testid="badges-container" class="absolute left-0 top-[1rem] z-10 flex gap-1"></div><div class="flex justify-center"><div class="relative flex overflow-hidden"><img alt="Regaine Männer Schaum mit Minoxidil 3X60 ml" loading="lazy" width="180" height="180" decoding="async" data-nimg="1" style="color:transparent" src="https://statics.docmorris.de/static/produkte/FX5M8VWS/docmorris/ps300r/regaine-maenner-schaum-mit-minoxidil-3x60-ml-09100275-0-1757325595971855.jpg"/><span data-testid="skeleton" class="inline-block Skeleton_skeletonAnimation__7iWXi" style="width:180px;height:180px;position:absolute"></span></div></div></div><div class="relative flex min-w-0 flex-1 flex-col"><div class="flex flex-col justify-between"><div class="flex flex-col justify-between"><div data-testid="product-name" title="Regaine Männer Schaum mit Minoxidil 3X60 ml" class="mb-0 line-clamp-2 h-[3.125rem] max-w-[13rem] break-words text-base font-semibold leading-6 text-neutral-700 focus-within:no-underline focus-within:outline-transparent hover:text-neutral-700 focus:text-neutral-700 focus:underline" role="heading" aria-level="2">Regaine Männer Schaum mit Minoxidil 3X60 ml</div><div class="leading-2xl h-[1.125rem] truncate text-xs font-semibold text-neutral-600"><span>3X60 ml</span><span> • <!-- -->Schaum</span></div><div title="Kenvue Germany GmbH (OTC)" class="w-[95%] overflow-hidden truncate text-xs font-semibold leading-5 text-neutral-600"><span>Kenvue Germany GmbH (OTC)</span></div><div class="bold font flex h-5 items-center text-sm"><div class="rating-stars_ratingStars__3z6v5" role="img" aria-label="4.43 von 5 Sternen (191 Bewertungen)"><div class="rating-stars_stars__Y0Wwp"><svg xmlns="http://www.w3.org/2000/svg" viewBox="0 0 100 100" aria-hidden="true" aria-label="LEGACY_star-100-percent" style="width:1rem" role="img"><path fill="currentColor" d="m98 39.373-34.162-2.9L50.502 4.995l-13.34 31.486L3 39.381 28.933 61.85l-7.792 33.39 29.36-17.718 29.36 17.718-7.792-33.4z"></path></svg><svg xmlns="http://www.w3.org/2000/svg" viewBox="0 0 100 100" aria-hidden="true" aria-label="LEGACY_star-100-percent" style="width:1rem" role="img"><path fill="currentColor" d="m98 39.373-34.162-2.9L50.502 4.995l-13.34 31.486L3 39.381 28.933 61.85l-7.792 33.39 29.36-17.718 29.36 17.718-7.792-33.4z"></path></svg><svg xmlns="http://www.w3.org/2000/svg" viewBox="0 0 100 100" aria-hidden="true" aria-label="LEGACY_star-100-percent" style="width:1rem" role="img"><path fill="currentColor" d="m98 39.373-34.162-2.9L50.502 4.995l-13.34 31.486L3 39.381 28.933 61.85l-7.792 33.39 29.36-17.718 29.36 17.718-7.792-33.4z"></path></svg><svg xmlns="http://www.w3.org/2000/svg" viewBox="0 0 100 100" aria-hidden="true" aria-label="LEGACY_star-100-percent" style="width:1rem" role="img"><path fill="currentColor" d="m98 39.373-34.162-2.9L50.502 4.995l-13.34 31.486L3 39.381 28.933 61.85l-7.792 33.39 29.36-17.718 29.36 17.718-7.792-33.4z"></path></svg><svg xmlns="http://www.w3.org/2000/svg" aria-hidden="true" viewBox="0 0 100 100" aria-label="LEGACY_star-50-percent" style="width:1rem" role="img"><svg width="50" height="100" viewBox="0 0 50 100" aria-hidden="true" aria-label="LEGACY_star-50-percent" style="width:1rem" role="img"><path fill="currentColor" d="M50.5 5.007 63.833 36.48l34.162 2.9-25.933 22.464 7.793 33.394-29.36-17.718-29.357 17.718 7.79-33.4L2.995 39.38l34.162-2.9Z"></path></svg><path fill="currentColor" stroke="currentColor" d="M50.5 15.683 60 38.102l.979 2.315 2.5.211L87.8 42.693l-18.469 16-1.9 1.646.574 2.45 5.548 23.775-20.906-12.615-2.152-1.3-2.152 1.3-20.9 12.615 5.548-23.775.571-2.45-1.9-1.646-18.467-16 24.318-2.065 2.5-.211.982-2.315 9.5-22.419m0-10.679L37.157 36.477l-34.162 2.9 25.933 22.464-7.79 33.4L50.495 77.52l29.36 17.718-7.793-33.394L97.995 39.38l-34.162-2.9L50.495 5.007z"></path></svg></div><div aria-hidden="true"><span class="ml-1 !text-nowrap text-xs font-normal leading-4 tracking-wide text-neutral-500">(<!-- -->191<!-- -->)</span></div></div></div></div><div class="mt-2 md:mt-4"><div class="h-4 w-[60%]"><div class="text-sm leading-4xl font-normal whitespace-nowrap text-neutral-700" data-testid="recommended-retail-price"><span><span><s class="relative no-underline after:absolute after:text-[#F10] after:tablet:text-red-400 after:left-0 after:right-0 after:top-[45%] after:rotate-[-15deg] text-neutral-700 after:border-t after:border-current">81,98 €</s><span>*</span></span></span></div></div><div class="mt-2 flex gap-1 pb-4"><div data-testid="discount-badge"><span class="sr-only">Rabattstempel</span><div class="flex items-center justify-center text-right whitespace-nowrap select-none rounded leading-2xl min-w-[2.5rem] max-w-[17.5rem] bg-brand-accent-primary text-white"><div role="status" class="inline-flex items-center gap-x-1 text-xs px-2 py-1 font-semibold"><span>-25%</span></div></div></div><div class="flex text-neutral-700 whitespace-nowrap leading-price text-[1.625rem] mt-[0.125rem]" data-testid="sales-price"><span class="sr-only">Verkaufspreis<!-- -->:<span>61,49 €</span></span><span aria-hidden="true" class="font-bold">61<!-- -->,</span><div class="flex flex-col justify-between"><sup aria-hidden="true" class="top-0 -translate-x-[0.5em] text-[45%] font-bold leading-none">49 €</sup><div class="translate-y-[10%] pl-1"><div class="text-2xs leading-4xl whitespace-nowrap text-neutral-700 tracking-[0.14px]" data-testid="base-price"><span class="sr-only">Grundpreis<!-- -->:</span><span>341.61 €/l</span></div></div></div></div></div><div class="font-base text-2xs leading-5xl h-4 text-neutral-600">+ Weitere Packungsgrößen</div></div></div></div></a></div></div><div data-testid="search-grid-product-card-wrapper" class="col-span-1 row-span-1"><hr class="md:hidden"/><div class="h-full"><a data-testid="product-card" title="Vomex A Dragees 20 St" class="hover:shadow-card relative flex h-full max-w-full cursor-pointer gap-2 rounded-lg pb-2 hover:outline-transparent focus:outline-transparent sm:pt-2 md:flex-col md:gap-0 md:px-[min(8%,_16px)]" href="/vomex-a-dragees/04274616"><div data-testid="product-details" class="relative flex flex-col md:pt-4"><div data-testid="badges-container" class="absolute left-0 top-[1rem] z-10 flex gap-1"></div><div class="flex justify-center"><div class="relative flex overflow-hidden"><img alt="Vomex A Dragees 20 St" loading="lazy" width="180" height="180" decoding="async" data-nimg="1" style="color:transparent" src="https://statics.docmorris.de/static/produkte/FX58TLEU/docmorris/ps300r/vomex-a-dragees-20-st-04274616-0-1721678426138338.jpg"/><span data-testid="skeleton" class="inline-block Skeleton_skeletonAnimation__7iWXi" style="width:180px;height:180px;position:absolute"></span></div></div></div><div class="relative flex min-w-0 flex-1 flex-col"><div class="flex flex-col justify-between"><div class="flex flex-col justify-between"><div data-testid="product-name" title="Vomex A Dragees 20 St" class="mb-0 line-clamp-2 h-[3.125rem] max-w-[13rem] break-words text-base font-semibold leading-6 text-neutral-700 focus-within:no-underline focus-within:outline-transparent hover:text-neutral-700 focus:text-neutral-700 focus:underline" role="heading" aria-level="2">Vomex A Dragees 20 St</div><div class="leading-2xl h-[1.125rem] truncate text-xs font-semibold text-neutral-600"><span>20 St</span><span> • <!-- -->Überzogene Tabletten</span></div><div title="Klinge Pharma GmbH" class="w-[95%] overflow-hidden truncate text-xs font-semibold leading-5 text-neutral-600"><span>Klinge Pharma GmbH</span></div><div class="bold font flex h-5 items-center text-sm"><div class="rating-stars_ratingStars__3z6v5" role="img" aria-label="4.68 von 5 Sternen (216 Bewertungen)"><div class="rating-stars_stars__Y0Wwp"><svg xmlns="http://www.w3.org/2000/svg" viewBox="0 0 100 100" aria-hidden="true" aria-label="LEGACY_star-100-percent" style="width:1rem" role="img"><path fill="currentColor" d="m98 39.373-34.162-2.9L50.502 4.995l-13.34 31.486L3 39.381 28.933 61.85l-7.792 33.39 29.36-17.718 29.36 17.718-7.792-33.4z"></path></svg><svg xmlns="http://www.w3.org/2000/svg" viewBox="0 0 100 100" aria-hidden="true" aria-label="LEGACY_star-100-percent" style="width:1rem" role="img"><path fill="currentColor" d="m98 39.373-34.162-2.9L50.502 4.995l-13.34 31.486L3 39.381 28.933 61.85l-7.792 33.39 29.36-17.718 29.36 17.718-7.792-33.4z"></path></svg><svg xmlns="http://www.w3.org/2000/svg" viewBox="0 0 100 100" aria-hidden="true" aria-label="LEGACY_star-100-percent" style="width:1rem" role="img"><path fill="currentColor" d="m98 39.373-34.162-2.9L50.502 4.995l-13.34 31.486L3 39.381 28.933 61.85l-7.792 33.39 29.36-17.718 29.36 17.718-7.792-33.4z"></path></svg><svg xmlns="http://www.w3.org/2000/svg" viewBox="0 0 100 100" aria-hidden="true" aria-label="LEGACY_star-100-percent" style="width:1rem" role="img"><path fill="currentColor" d="m98 39.373-34.162-2.9L50.502 4.995l-13.34 31.486L3 39.381 28.933 61.85l-7.792 33.39 29.36-17.718 29.36 17.718-7.792-33.4z"></path></svg><svg xmlns="http://www.w3.org/2000/svg" aria-hidden="true" viewBox="0 0 100 100" aria-label="LEGACY_star-75-percent" style="width:1rem" role="img"><svg width="75" height="100" viewBox="0 0 75 100" aria-hidden="true" aria-label="LEGACY_star-75-percent" style="width:1rem" role="img"><path fill="currentColor" d="M50.5 5.007 63.833 36.48l34.162 2.9-25.933 22.464 7.793 33.394-29.36-17.718-29.357 17.718 7.79-33.4L2.995 39.38l34.162-2.9Z"></path></svg><path fill="currentColor" stroke="currentColor" d="M50.5 15.683 60 38.102l.979 2.315 2.5.211L87.8 42.693l-18.469 16-1.9 1.646.574 2.45 5.548 23.775-20.906-12.615-2.152-1.3-2.152 1.3-20.9 12.615 5.548-23.775.571-2.45-1.9-1.646-18.467-16 24.318-2.065 2.5-.211.982-2.315 9.5-22.419m0-10.679L37.157 36.477l-34.162 2.9 25.933 22.464-7.79 33.4L50.495 77.52l29.36 17.718-7.793-33.394L97.995 39.38l-34.162-2.9L50.495 5.007z"></path></svg></div><div aria-hidden="true"><span class="ml-1 !text-nowrap text-xs font-normal leading-4 tracking-wide text-neutral-500">(<!-- -->216<!-- -->)</span></div></div></div></div><div class="mt-2 md:mt-4"><div class="h-4 w-[60%]"><div class="text-sm leading-4xl font-normal whitespace-nowrap text-neutral-700" data-testid="recommended-retail-price"><span><span><s class="relative no-underline after:absolute after:text-[#F10] after:tablet:text-red-400 after:left-0 after:right-0 after:top-[45%] after:rotate-[-15deg] text-neutral-700 after:border-t after:border-current">9,34 €</s><span>*</span></span></span></div></div><div class="mt-2 flex gap-1 pb-4"><div data-testid="discount-badge"><span class="sr-only">Rabattstempel</span><div class="flex items-center justify-center text-right whitespace-nowrap select-none rounded leading-2xl min-w-[2.5rem] max-w-[17.5rem] bg-brand-accent-primary text-white"><div role="status" class="inline-flex items-center gap-x-1 text-xs px-2 py-1 font-semibold"><span>-27%</span></div></div></div><div class="flex text-neutral-700 whitespace-nowrap leading-price text-[1.625rem] mt-[0.125rem]" data-testid="sales-price"><span class="sr-only">Verkaufspreis<!-- -->:<span>6,79 €</span></span><span aria-hidden="true" class="font-bold">6<!-- -->,</span><div class="flex flex-col justify-between"><sup aria-hidden="true" class="top-0 -translate-x-[0.5em] text-[45%] font-bold leading-none">79 €</sup><div class="translate-y-[10%] pl-1"><div class="text-2xs leading-4xl whitespace-nowrap text-neutral-700 tracking-[0.14px]" data-testid="base-price"><span class="sr-only">Grundpreis<!-- -->:</span><span>0.34 €/St</span></div></div></div></div></div><div class="font-base text-2xs leading-5xl h-4 text-neutral-600">+ Weitere Packungsgrößen</div></div></div></div></a></div></div><div data-testid="search-grid-product-card-wrapper" class="col-span-1 row-span-1"><hr class="md:hidden"/><div class="h-full"><a data-testid="product-card" title="IBU LYSIN ratiopharm 400 mg mit Ibuprofen 50 St" class="hover:shadow-card relative flex h-full max-w-full cursor-pointer gap-2 rounded-lg pb-2 hover:outline-transparent focus:outline-transparent sm:pt-2 md:flex-col md:gap-0 md:px-[min(8%,_16px)]" href="/ibu-lysin-ratiopharm-400-mg-mit-ibuprofen/16197884"><div data-testid="product-details" class="relative flex flex-col md:pt-4"><div data-testid="badges-container" class="absolute left-0 top-[1rem] z-10 flex gap-1"></div><div class="flex justify-center"><div class="relative flex overflow-hidden"><img alt="IBU LYSIN ratiopharm 400 mg mit Ibuprofen 50 St" loading="lazy" width="180" height="180" decoding="async" data-nimg="1" style="color:transparent" src="https://statics.docmorris.de/static/produkte/FX5E7EPM/docmorris/ps300r/ibu-lysin-ratiopharm-400-mg-mit-ibuprofen-50-st-16197884-0-1729601498227971.jpeg"/><span data-testid="skeleton" class="inline-block Skeleton_skeletonAnimation__7iWXi" style="width:180px;height:180px;position:absolute"></span></div></div></div><div class="relative flex min-w-0 flex-1 flex-col"><div class="flex flex-col justify-between"><div class="flex flex-col justify-between"><div data-testid="product-name" title="IBU LYSIN ratiopharm 400 mg mit Ibuprofen 50 St" class="mb-0 line-clamp-2 h-[3.125rem] max-w-[13rem] break-words text-base font-semibold leading-6 text-neutral-700 focus-within:no-underline focus-within:outline-transparent hover:text-neutral-700 focus:text-neutral-700 focus:underline" role="heading" aria-level="2">IBU LYSIN ratiopharm 400 mg mit Ibuprofen 50 St</div><div class="leading-2xl h-[1.125rem] truncate text-xs font-semibold text-neutral-600"><span>50 St</span><span> • <!-- -->Filmtabletten</span></div><div title="ratiopharm GmbH" class="w-[95%] overflow-hidden truncate text-xs font-semibold leading-5 text-neutral-600"><span>ratiopharm GmbH</span></div><div class="bold font flex h-5 items-center text-sm"><div class="rating-stars_ratingStars__3z6v5" role="img" aria-label="4.82 von 5 Sternen (259 Bewertungen)"><div class="rating-stars_stars__Y0Wwp"><svg xmlns="http://www.w3.org/2000/svg" viewBox="0 0 100 100" aria-hidden="true" aria-label="LEGACY_star-100-percent" style="width:1rem" role="img"><path fill="currentColor" d="m98 39.373-34.162-2.9L50.502 4.995l-13.34 31.486L3 39.381 28.933 61.85l-7.792 33.39 29.36-17.718 29.36 17.718-7.792-33.4z"></path></svg><svg xmlns="http://www.w3.org/2000/svg" viewBox="0 0 100 100" aria-hidden="true" aria-label="LEGACY_star-100-percent" style="width:1rem" role="img"><path fill="currentColor" d="m98 39.373-34.162-2.9L50.502 4.995l-13.34 31.486L3 39.381 28.933 61.85l-7.792 33.39 29.36-17.718 29.36 17.718-7.792-33.4z"></path></svg><svg xmlns="http://www.w3.org/2000/svg" viewBox="0 0 100 100" aria-hidden="true" aria-label="LEGACY_star-100-percent" style="width:1rem" role="img"><path fill="currentColor" d="m98 39.373-34.162-2.9L50.502 4.995l-13.34 31.486L3 39.381 28.933 61.85l-7.792 33.39 29.36-17.718 29.36 17.718-7.792-33.4z"></path></svg><svg xmlns="http://www.w3.org/2000/svg" viewBox="0 0 100 100" aria-hidden="true" aria-label="LEGACY_star-100-percent" style="width:1rem" role="img"><path fill="currentColor" d="m98 39.373-34.162-2.9L50.502 4.995l-13.34 31.486L3 39.381 28.933 61.85l-7.792 33.39 29.36-17.718 29.36 17.718-7.792-33.4z"></path></svg><svg xmlns="http://www.w3.org/2000/svg" viewBox="0 0 100 100" aria-hidden="true" aria-label="LEGACY_star-100-percent" style="width:1rem" role="img"><path fill="currentColor" d="m98 39.373-34.162-2.9L50.502 4.995l-13.34 31.486L3 39.381 28.933 61.85l-7.792 33.39 29.36-17.718 29.36 17.718-7.792-33.4z"></path></svg></div><div aria-hidden="true"><span class="ml-1 !text-nowrap text-xs font-normal leading-4 tracking-wide text-neutral-500">(<!-- -->259<!-- -->)</span></div></div></div></div><div class="mt-2 md:mt-4"><div class="h-4 w-[60%]"><div class="text-sm leading-4xl font-normal whitespace-nowrap text-neutral-700" data-testid="recommended-retail-price"><span><span><s class="relative no-underline after:absolute after:text-[#F10] after:tablet:text-red-400 after:left-0 after:right-0 after:top-[45%] after:rotate-[-15deg] text-neutral-700 after:border-t after:border-current">21,80 €</s><span>*</span></span></span></div></div><div class="mt-2 flex gap-1 pb-4"><div data-testid="discount-badge"><span class="sr-only">Rabattstempel</span><div class="flex items-center justify-center text-right whitespace-nowrap select-none rounded leading-2xl min-w-[2.5rem] max-w-[17.5rem] bg-brand-accent-primary text-white"><div role="status" class="inline-flex items-center gap-x-1 text-xs px-2 py-1 font-semibold"><span>-50%</span></div></div></div><div class="flex text-neutral-700 whitespace-nowrap leading-price text-[1.625rem] mt-[0.125rem]" data-testid="sales-price"><span class="sr-only">Verkaufspreis<!-- -->:<span>10,89 €</span></span><span aria-hidden="true" class="font-bold">10<!-- -->,</span><div class="flex flex-col justify-between"><sup aria-hidden="true" class="top-0 -translate-x-[0.5em] text-[45%] font-bold leading-none">89 €</sup><div class="translate-y-[10%] pl-1"><div class="text-2xs leading-4xl whitespace-nowrap text-neutral-700 tracking-[0.14px]" data-testid="base-price"><span class="sr-only">Grundpreis<!-- -->:</span><span>0.22 €/St</span></div></div></div></div></div><div class="font-base text-2xs leading-5xl h-4 text-neutral-600">+ Weitere Packungsgrößen</div></div></div></div></a></div></div></div></div><div data-testid="instant-pagination" class="w-full pb-5 pt-8"><div data-testid="pagination-container" class="flex flex-row justify-center space-x-2"><a role="button" class="bg-brand-100 px-4 text-brand-500 hover:bg-brand-100 hover:text-brand-500 focus:text-brand-500 focus:no-underline no-underline inline-flex items-center justify-center rounded-lg py-2 gap-2 shrink-0 underline-offset-[0.4em] font-semibold hover:no-underline text-base" data-testid="page-1" aria-label="Seite: 1" href="https://www.docmorris.de/arzneimittel-gesundheit"><span class="" data-testid="btn-link-label">1</span></a><a role="button" class="px-4 text-brand-500 hover:bg-brand-100 hover:text-brand-500 focus:text-brand-500 focus:no-underline no-underline inline-flex items-center justify-center rounded-lg py-2 gap-2 shrink-0 underline-offset-[0.4em] font-semibold hover:no-underline text-base" data-testid="page-2" aria-label="Seite: 2" href="https://www.docmorris.de/arzneimittel-gesundheit?page=2"><span class="" data-testid="btn-link-label">2</span></a><a role="button" class="px-4 text-brand-500 hover:bg-brand-100 hover:text-brand-500 focus:text-brand-500 focus:no-underline no-underline inline-flex items-center justify-center rounded-lg py-2 gap-2 shrink-0 underline-offset-[0.4em] font-semibold hover:no-underline text-base" data-testid="page-3" aria-label="Seite: 3" href="https://www.docmorris.de/arzneimittel-gesundheit?page=3"><span class="" data-testid="btn-link-label">3</span></a><a role="button" class="px-4 text-brand-500 hover:bg-brand-100 hover:text-brand-500 focus:text-brand-500 focus:no-underline no-underline inline-flex items-center justify-center rounded-lg py-2 gap-2 shrink-0 underline-offset-[0.4em] font-semibold hover:no-underline text-base" data-testid="page-4" aria-label="Seite: 4" href="https://www.docmorris.de/arzneimittel-gesundheit?page=4"><span class="" data-testid="btn-link-label">4</span></a><a role="button" class="px-4 text-brand-500 hover:bg-brand-100 hover:text-brand-500 focus:text-brand-500 focus:no-underline no-underline inline-flex items-center justify-center rounded-lg py-2 gap-2 shrink-0 underline-offset-[0.4em] font-semibold hover:no-underline text-base" data-testid="page-5" aria-label="Seite: 5" href="https://www.docmorris.de/arzneimittel-gesundheit?page=5"><span class="" data-testid="btn-link-label">5</span></a><span class="text-brand-500 flex items-center text-sm lg:text-lg">....</span><a role="button" class="px-4 text-brand-500 hover:bg-brand-100 hover:text-brand-500 focus:text-brand-500 focus:no-underline no-underline inline-flex items-center justify-center rounded-lg py-2 gap-2 shrink-0 underline-offset-[0.4em] font-semibold hover:no-underline text-base" data-testid="page-36" aria-label="Seite: 36" href="https://www.docmorris.de/arzneimittel-gesundheit?page=36"><span class="" data-testid="btn-link-label">36</span></a><a role="button" class="px-4 text-brand-500 hover:bg-brand-100 hover:text-brand-500 focus:text-brand-500 focus:no-underline no-underline inline-flex items-center justify-center rounded-lg py-2 gap-2 shrink-0 underline-offset-[0.4em] font-semibold hover:no-underline text-base" data-testid="ChevronPageRight" aria-label="Nächste Seite" href="https://www.docmorris.de/arzneimittel-gesundheit?page=2"><svg xmlns="http://www.w3.org/2000/svg" viewBox="0 0 24 24" class="shrink-0" style="height:1.5rem;width:1.5rem" aria-label="button-right" role="img"><path fill="none" stroke="currentColor" stroke-linecap="round" stroke-linejoin="round" stroke-width="1.5" d="m7.51 3 8.99 9.03-9 8.97"></path></svg></a></div></div></div></div><div class="py-10"><div class=""><div class="m-auto w-full min-w-[13.125rem] pb-4 text-center md:flex md:min-w-[25%] md:justify-center lg:min-w-full"><svg viewBox="0 0 24 24" fill="none" xmlns="http://www.w3.org/2000/svg" stroke="currentColor" stroke-width="1.5" stroke-linecap="round" stroke-linejoin="round" class="m-auto h-[2.5rem] w-[2.5rem]" style="height:2.5rem;width:2.5rem" aria-label="email" role="img"><path fill-rule="evenodd" clip-rule="evenodd" d="M3 6.8V6.8C3 7.4 3.3 7.9 3.8 8.3L9.8 12.4C11.2 13.3 12.9 13.3 14.3 12.4L20.3 8.4C20.7 7.9 21 7.4 21 6.8V6.8C21 5.8 20.2 5 19.2 5H4.8C3.8 5 3 5.8 3 6.8Z"></path><path d="M3 7V17C3 18.1 3.9 19 5 19H19C20.1 19 21 18.1 21 17V7"></path><path d="M3.58801 18.412L9.68201 12.318"></path><path d="M14.36 12.36L20.412 18.412"></path></svg></div><div class="text-center"><div class="m-auto mb-2 text-center text-2xl leading-9">Verpassen Sie keine Neuigkeiten</div><p class="m-auto mb-[2.25rem] text-center md:max-w-[24.125rem] w-full leading-6">Erfahren Sie umgehend von unseren Angeboten, attraktiven Rabatten oder Neuigkeiten</p><button aria-disabled="false" type="button" class="font-semibold md:inline-flex flex items-center justify-center rounded-lg cursor-pointer px-4 min-w-[6.5rem] h-12 select-none disabled:opacity-40 disabled:cursor-default gap-2 border border-solid border-brand-500 bg-transparent text-brand-500 hover:[&amp;:not(:disabled)]:bg-transparent hover:[&amp;:not(:disabled)]:border-brand-400 hover:[&amp;:not(:disabled)]:text-brand-400 focus:[&amp;:not(:disabled)]:bg-transparent focus:[&amp;:not(:disabled)]:border-brand-400 focus:[&amp;:not(:disabled)]:text-brand-500 m-auto mb-2 sm:w-full md:w-[11.25rem]" aria-label="Jetzt anmelden"><span class="">Jetzt anmelden</span></button></div></div></div></main><footer data-testid="footer" class="bg-neutral-100"><div data-testid="" class="mx-auto px-3 my-0 py-0 max-w-[1280px] md:px-10 sm:pb-24 legacy:px-[10px]"><section data-testid="footer-information-section" class="border-b py-6 pb-6 lg:py-12 lg:pb-12"><div class="hidden grid-cols-4 gap-4 lg:grid"><div class="flex h-full flex-col border-r pr-4 last:border-r-0"><h2 class="mb-4">Jobs &amp; Karriere</h2><div class="mb-0 flex flex-1 flex-col"><p>Werden Sie Teil unseres Teams und bringen Sie Ihre Ideen und Kompetenzen ein.</p><a class="font-semibold md:inline-flex items-center justify-center cursor-pointer min-w-[6.5rem] select-none disabled:opacity-40 disabled:cursor-default gap-2 inline-flex border border-solid border-brand-500 bg-transparent text-brand-500 hover:[&amp;:not(:disabled)]:bg-transparent hover:[&amp;:not(:disabled)]:border-brand-400 hover:[&amp;:not(:disabled)]:text-brand-400 focus:[&amp;:not(:disabled)]:bg-transparent focus:[&amp;:not(:disabled)]:border-brand-400 focus:[&amp;:not(:disabled)]:text-brand-500 px-3 h-10 text-xs rounded-md mb-4 mt-auto w-[8.375rem]" title="Mehr erfahren" target="_blank" href="https://jobs.docmorris.com/de/"><span class="">Mehr erfahren</span></a></div></div><div class="flex h-full flex-col border-r pr-4 last:border-r-0"><h2 class="mb-4">Newsletter-Anmeldung</h2><div class="mb-0 flex flex-1 flex-col"><p>Zum Newsletter anmelden, Gutschein sichern und immer auf dem Laufenden sein!</p><button aria-disabled="false" type="button" class="font-semibold md:inline-flex flex items-center justify-center cursor-pointer min-w-[6.5rem] select-none disabled:opacity-40 disabled:cursor-default gap-2 border border-solid border-brand-500 bg-transparent text-brand-500 hover:[&amp;:not(:disabled)]:bg-transparent hover:[&amp;:not(:disabled)]:border-brand-400 hover:[&amp;:not(:disabled)]:text-brand-400 focus:[&amp;:not(:disabled)]:bg-transparent focus:[&amp;:not(:disabled)]:border-brand-400 focus:[&amp;:not(:disabled)]:text-brand-500 px-3 h-10 text-xs leading-loose rounded-md mb-4 mt-auto w-[8.375rem]" aria-label="Mehr erfahren"><span class="">Mehr erfahren</span></button></div></div><div class="flex h-full flex-col border-r pr-4 last:border-r-0"><h2 class="mb-4">Kunden-Service</h2><div class="mb-0 flex flex-1 flex-col"><div class="flex flex-col gap-y-4"><ul><li class="mb-4"><a href="https://support.docmorris.de/hc/de">Zum DocMorris Hilfe-Center</a></li><li class="mb-4"><a href="/lp/pharmazeutische-beratung/videoberatung">Video-LiveChat (Mo-Fr: 8:00-16:30 Uhr)</a></li><li class=""><button role="link" aria-label="LiveChat (Mo-Fr: 8-20 Uhr)" data-url="L2hpbGZlLWtvbnRha3QvZGlnaXRhbGVyLWFzc2lzdGVudA==" class="underline-offset-[0.4em] hover:text-neutral-500 hover:no-underline font-normal text-neutral-700 no-underline" type="button">LiveChat (Mo-Fr: 8-20 Uhr)</button></li></ul></div></div></div><div class="flex h-full flex-col border-r pr-4 last:border-r-0"><h2 class="mb-4">DocMorris App</h2><div class="mb-0 flex flex-1 flex-col"><p>Die App von DocMorris jetzt mit E-Rezept-Scanner:</p><ul class="flex flex-col gap-2"><li><a href="https://docmorris.onelink.me/STge/gue9o0o7?af_sub_siteid=footer" target="_blank" rel="noreferrer" class="block" title="Jetzt bei Google Play"><img src="https://statics.docmorris.de/static/docmorris/cms/google_play_de_fc09cb5f42.svg" alt="Jetzt bei Google Play" class="h-auto w-[170px]"/></a></li><li><a href="https://docmorris.onelink.me/STge/vmdgr1ws?af_sub_siteid=footer" target="_blank" rel="noreferrer" class="block" title="Laden im App Store"><img src="https://statics.docmorris.de/static/docmorris/cms/app_store_de_3a5f66effc.svg" alt="Laden im App Store" class="h-auto w-[170px]"/></a></li></ul></div></div></div><div class="lg:hidden"><div class="AccordionItem_accordionItem__b2UBY"><section><div class=""><button aria-controls="JobsKarriere-content" aria-expanded="false" aria-label="Jobs &amp; Karriere Weniger anzeigen" class="AccordionItem_arrowButton___j2A9 AccordionItem_footerButton__WWO0d rounded-lg bg-neutral-200 p-4" title="ändert die Sichtbarkeit des Inhalts" type="button"><h2 class="AccordionItem_header__ZHz_3 text-sm font-normal leading-7">Jobs & Karriere</h2></button></div><div data-testid="accordion-item-content" id="JobsKarriere-content" role="region" aria-label="Jobs &amp; Karriere" aria-hidden="true" class="AccordionItem_accordionContent__CF6Wz p-4" hidden=""><p>Werden Sie Teil unseres Teams und bringen Sie Ihre Ideen und Kompetenzen ein.</p><a class="font-semibold md:inline-flex items-center justify-center cursor-pointer min-w-[6.5rem] select-none disabled:opacity-40 disabled:cursor-default gap-2 inline-flex border border-solid border-brand-500 bg-transparent text-brand-500 hover:[&amp;:not(:disabled)]:bg-transparent hover:[&amp;:not(:disabled)]:border-brand-400 hover:[&amp;:not(:disabled)]:text-brand-400 focus:[&amp;:not(:disabled)]:bg-transparent focus:[&amp;:not(:disabled)]:border-brand-400 focus:[&amp;:not(:disabled)]:text-brand-500 px-3 h-10 text-xs rounded-md mb-4 mt-auto w-[8.375rem]" title="Mehr erfahren" target="_blank" href="https://jobs.docmorris.com/de/"><span class="">Mehr erfahren</span></a></div></section></div><div class="AccordionItem_accordionItem__b2UBY"><section><div class=""><button aria-controls="NewsletterAnmeldung-content" aria-expanded="false" aria-label="Newsletter-Anmeldung Weniger anzeigen" class="AccordionItem_arrowButton___j2A9 AccordionItem_footerButton__WWO0d rounded-lg bg-neutral-200 p-4" title="ändert die Sichtbarkeit des Inhalts" type="button"><h2 class="AccordionItem_header__ZHz_3 text-sm font-normal leading-7">Newsletter-Anmeldung</h2></button></div><div data-testid="accordion-item-content" id="NewsletterAnmeldung-content" role="region" aria-label="Newsletter-Anmeldung" aria-hidden="true" class="AccordionItem_accordionContent__CF6Wz p-4" hidden=""><p>Zum Newsletter anmelden, Gutschein sichern und immer auf dem Laufenden sein!</p><button aria-disabled="false" type="button" class="font-semibold md:inline-flex flex items-center justify-center cursor-pointer min-w-[6.5rem] select-none disabled:opacity-40 disabled:cursor-default gap-2 border border-solid border-brand-500 bg-transparent text-brand-500 hover:[&amp;:not(:disabled)]:bg-transparent hover:[&amp;:not(:disabled)]:border-brand-400 hover:[&amp;:not(:disabled)]:text-brand-400 focus:[&amp;:not(:disabled)]:bg-transparent focus:[&amp;:not(:disabled)]:border-brand-400 focus:[&amp;:not(:disabled)]:text-brand-500 px-3 h-10 text-xs leading-loose rounded-md mb-4 mt-auto w-[8.375rem]" aria-label="Mehr erfahren"><span class="">Mehr erfahren</span></button></div></section></div><div class="AccordionItem_accordionItem__b2UBY"><section><div class=""><button aria-controls="KundenService-content" aria-expanded="false" aria-label="Kunden-Service Weniger anzeigen" class="AccordionItem_arrowButton___j2A9 AccordionItem_footerButton__WWO0d rounded-lg bg-neutral-200 p-4" title="ändert die Sichtbarkeit des Inhalts" type="button"><h2 class="AccordionItem_header__ZHz_3 text-sm font-normal leading-7">Kunden-Service</h2></button></div><div data-testid="accordion-item-content" id="KundenService-content" role="region" aria-label="Kunden-Service" aria-hidden="true" class="AccordionItem_accordionContent__CF6Wz p-4" hidden=""><div class="flex flex-col gap-y-4"><ul><li class="mb-4"><a href="https://support.docmorris.de/hc/de">Zum DocMorris Hilfe-Center</a></li><li class="mb-4"><a href="/lp/pharmazeutische-beratung/videoberatung">Video-LiveChat (Mo-Fr: 8:00-16:30 Uhr)</a></li><li class=""><button role="link" aria-label="LiveChat (Mo-Fr: 8-20 Uhr)" data-url="L2hpbGZlLWtvbnRha3QvZGlnaXRhbGVyLWFzc2lzdGVudA==" class="underline-offset-[0.4em] hover:text-neutral-500 hover:no-underline font-normal text-neutral-700 no-underline" type="button">LiveChat (Mo-Fr: 8-20 Uhr)</button></li></ul></div></div></section></div><div class="AccordionItem_accordionItem__b2UBY"><section><div class=""><button aria-controls="DocMorrisApp-content" aria-expanded="false" aria-label="DocMorris App Weniger anzeigen" class="AccordionItem_arrowButton___j2A9 AccordionItem_footerButton__WWO0d rounded-lg bg-neutral-200 p-4" title="ändert die Sichtbarkeit des Inhalts" type="button"><h2 class="AccordionItem_header__ZHz_3 text-sm font-normal leading-7">DocMorris App</h2></button></div><div data-testid="accordion-item-content" id="DocMorrisApp-content" role="region" aria-label="DocMorris App" aria-hidden="true" class="AccordionItem_accordionContent__CF6Wz p-4" hidden=""><p>Die App von DocMorris jetzt mit E-Rezept-Scanner:</p><ul class="flex flex-col gap-2"><li><a href="https://docmorris.onelink.me/STge/gue9o0o7?af_sub_siteid=footer" target="_blank" rel="noreferrer" class="block" title="Jetzt bei Google Play"><img src="https://statics.docmorris.de/static/docmorris/cms/google_play_de_fc09cb5f42.svg" alt="Jetzt bei Google Play" class="h-auto w-[170px]"/></a></li><li><a href="https://docmorris.onelink.me/STge/vmdgr1ws?af_sub_siteid=footer" target="_blank" rel="noreferrer" class="block" title="Laden im App Store"><img src="https://statics.docmorris.de/static/docmorris/cms/app_store_de_3a5f66effc.svg" alt="Laden im App Store" class="h-auto w-[170px]"/></a></li></ul></div></section></div></div></section><section data-testid="footer-benefits-section" class="border-b py-6 pb-6 lg:py-12 lg:pb-12"><div class="mb-4 text-xl font-bold md:hidden">Unsere Liefer-Services</div><section class="grid grid-cols-1 gap-6 text-left md:grid-cols-2 md:text-center lg:grid-cols-4"><div class="flex flex-wrap items-center gap-x-2 gap-y-0 md:block"><h2 class="mb-0 text-base md:mb-4">Schneller Versand</h2><p class="mb-0 w-full md:w-auto">oft innerhalb von 24 h</p></div><div class="flex flex-wrap items-center gap-x-2 gap-y-0 md:block"><h2 class="mb-0 text-base md:mb-4">Versandkostenfrei</h2><p class="mb-0 w-full md:w-auto">ab  oder bei Rezepteinsendung. Ansonsten nur  ¹⁴</p></div><div class="flex flex-wrap items-center gap-x-2 gap-y-0 md:block"><h2 class="mb-0 text-base md:mb-4">Lieferoptionen</h2><p class="mb-0 w-full md:w-auto">Packstation &amp; Postfiliale, PaketShops</p></div><div class="flex flex-wrap items-center gap-x-2 gap-y-0 md:block"><h2 class="mb-0 text-base md:mb-4">Kühltransport</h2><p class="mb-0 w-full md:w-auto">wenn erforderlich</p></div></section></section><section data-testid="footer-trust-section" class="grid grid-cols-1 gap-12 border-b py-6 pb-6 md:grid-cols-2 lg:grid-cols-5 lg:py-12 lg:pb-12"><section><h2 class="mb-4 text-base">Zahlarten</h2><ul class="mt-4 flex flex-wrap justify-start gap-2"><li><div class="relative flex overflow-hidden"><img alt="Bezahlen per Visa bei DocMorris" loading="lazy" width="60" height="40" decoding="async" data-nimg="1" class="rounded-sm bg-white" style="color:transparent" src="https://statics.docmorris.de/static/docmorris/cms/payment_visa_82b5e794ee.svg"/><span data-testid="skeleton" class="inline-block Skeleton_skeletonAnimation__7iWXi" style="width:60px;height:40px;position:absolute"></span></div></li><li><div class="relative flex overflow-hidden"><img alt="Bezahlen mit MasterCard bei DocMorris" loading="lazy" width="60" height="40" decoding="async" data-nimg="1" class="rounded-sm bg-white" style="color:transparent" src="https://statics.docmorris.de/static/docmorris/cms/payment_mastercard_f2ee9ae184.svg"/><span data-testid="skeleton" class="inline-block Skeleton_skeletonAnimation__7iWXi" style="width:60px;height:40px;position:absolute"></span></div></li><li><div class="relative flex overflow-hidden"><img alt="Bezahlen mit PayPal bei DocMorris" loading="lazy" width="60" height="40" decoding="async" data-nimg="1" class="rounded-sm bg-white" style="color:transparent" src="https://statics.docmorris.de/static/docmorris/cms/payment_paypal_cbb9fa2a2a.svg"/><span data-testid="skeleton" class="inline-block Skeleton_skeletonAnimation__7iWXi" style="width:60px;height:40px;position:absolute"></span></div></li><li><div class="relative flex overflow-hidden"><img alt="Apple Pay" loading="lazy" width="60" height="40" decoding="async" data-nimg="1" class="rounded-sm bg-white" style="color:transparent" src="https://statics.docmorris.de/static/docmorris/cms/payment_applepay_75df815514.svg"/><span data-testid="skeleton" class="inline-block Skeleton_skeletonAnimation__7iWXi" style="width:60px;height:40px;position:absolute"></span></div></li><li><div class="relative flex overflow-hidden"><img alt="Google Pay" loading="lazy" width="60" height="40" decoding="async" data-nimg="1" class="rounded-sm bg-white" style="color:transparent" src="https://statics.docmorris.de/static/docmorris/cms/payment_googlepay_6fa00d3e77.svg"/><span data-testid="skeleton" class="inline-block Skeleton_skeletonAnimation__7iWXi" style="width:60px;height:40px;position:absolute"></span></div></li><li><div class="relative flex overflow-hidden"><img alt="Bezahlen mit Klarna bei DocMorris" loading="lazy" width="60" height="40" decoding="async" data-nimg="1" class="rounded-sm bg-white" style="color:transparent" src="https://statics.docmorris.de/static/docmorris/cms/payment_klarna_dc3881ffd1.svg"/><span data-testid="skeleton" class="inline-block Skeleton_skeletonAnimation__7iWXi" style="width:60px;height:40px;position:absolute"></span></div></li><li><div class="relative flex overflow-hidden"><img alt="American Express" loading="lazy" width="60" height="40" decoding="async" data-nimg="1" class="rounded-sm bg-white" style="color:transparent" src="https://statics.docmorris.de/static/docmorris/cms/payment_amex_166c85a890.svg"/><span data-testid="skeleton" class="inline-block Skeleton_skeletonAnimation__7iWXi" style="width:60px;height:40px;position:absolute"></span></div></li><li><div class="relative flex overflow-hidden"><img alt="Bezahlen per Rechnung bei DocMorris" loading="lazy" width="60" height="40" decoding="async" data-nimg="1" class="rounded-sm bg-white" style="color:transparent" src="https://statics.docmorris.de/static/docmorris/cms/payment_rechnung_6eac07ca82.svg"/><span data-testid="skeleton" class="inline-block Skeleton_skeletonAnimation__7iWXi" style="width:60px;height:40px;position:absolute"></span></div></li><li><div class="relative flex overflow-hidden"><img alt="Bezahlen per Bankeinzug bei DocMorris" loading="lazy" width="60" height="40" decoding="async" data-nimg="1" class="rounded-sm bg-white" style="color:transparent" src="https://statics.docmorris.de/static/docmorris/cms/payment_bankeinzug_d3d631cfae.svg"/><span data-testid="skeleton" class="inline-block Skeleton_skeletonAnimation__7iWXi" style="width:60px;height:40px;position:absolute"></span></div></li></ul></section><section><h2 class="mb-4 text-base">Versand</h2><ul class="mt-4 flex flex-wrap justify-start gap-2"><li><div class="relative flex overflow-hidden"><img alt="Versand mit DHL bei DocMorris" loading="lazy" width="60" height="40" decoding="async" data-nimg="1" class="rounded-sm bg-white" style="color:transparent" src="https://statics.docmorris.de/static/docmorris/cms/dhl_60b6361e04.svg"/><span data-testid="skeleton" class="inline-block Skeleton_skeletonAnimation__7iWXi" style="width:60px;height:40px;position:absolute"></span></div></li><li><div class="relative flex overflow-hidden"><img alt="Versand an DHL Packstation bei DocMorris" loading="lazy" width="60" height="40" decoding="async" data-nimg="1" class="rounded-sm bg-white" style="color:transparent" src="https://statics.docmorris.de/static/docmorris/cms/dhl_packstation_835a65debf.svg"/><span data-testid="skeleton" class="inline-block Skeleton_skeletonAnimation__7iWXi" style="width:60px;height:40px;position:absolute"></span></div></li><li><div class="relative flex overflow-hidden"><img alt="Versand per Hermes bei DocMorris" loading="lazy" width="60" height="40" decoding="async" data-nimg="1" class="rounded-sm bg-white" style="color:transparent" src="https://statics.docmorris.de/static/docmorris/cms/hermes_logo_v1_c9b14b4c42.svg"/><span data-testid="skeleton" class="inline-block Skeleton_skeletonAnimation__7iWXi" style="width:60px;height:40px;position:absolute"></span></div></li><li><div class="relative flex overflow-hidden"><img alt="Versand an Hermes PaketShops bei DocMorris" loading="lazy" width="60" height="40" decoding="async" data-nimg="1" class="rounded-sm bg-white" style="color:transparent" src="https://statics.docmorris.de/static/docmorris/cms/hermes_europe_logo_paketshop_04578ef815.svg"/><span data-testid="skeleton" class="inline-block Skeleton_skeletonAnimation__7iWXi" style="width:60px;height:40px;position:absolute"></span></div></li><li><div class="relative flex overflow-hidden"><img alt="Gekühlter Versand mit trans-o-flex" loading="lazy" width="60" height="40" decoding="async" data-nimg="1" class="rounded-sm bg-white" style="color:transparent" src="https://statics.docmorris.de/static/docmorris/cms/trans_o_flex_logo_fe02462590.svg"/><span data-testid="skeleton" class="inline-block Skeleton_skeletonAnimation__7iWXi" style="width:60px;height:40px;position:absolute"></span></div></li><li><div class="relative flex overflow-hidden"><img alt="Versand mit DHL Express bei DocMorris" loading="lazy" width="60" height="40" decoding="async" data-nimg="1" class="rounded-sm bg-white" style="color:transparent" src="https://statics.docmorris.de/static/docmorris/cms/dhl_express_logo_rgb_28bc22feb7.png"/><span data-testid="skeleton" class="inline-block Skeleton_skeletonAnimation__7iWXi" style="width:60px;height:40px;position:absolute"></span></div></li></ul></section><section><h2 class="mb-4 text-base">Sicher ist sicher</h2><ul class="mt-4 flex flex-wrap items-start gap-2"><li><a href="https://www.certipedia.com/quality_marks/0000040681?locale=de" title="Sicher ist sicher dank TÜV-Zertifizierung bei DocMorris" target="_blank" rel="noopener noreferrer"><div class="relative flex overflow-hidden"><img alt="Sicher ist sicher dank TÜV-Zertifizierung bei DocMorris" loading="lazy" width="60" height="40" decoding="async" data-nimg="1" class="rounded-sm bg-white" style="color:transparent" src="https://statics.docmorris.de/static/docmorris/cms/tuv_certified_ed764be55f.svg"/><span data-testid="skeleton" class="inline-block Skeleton_skeletonAnimation__7iWXi" style="width:60px;height:40px;position:absolute"></span></div></a></li><li><a href="https://www.eaep.com/de/" title="Sicher ist sicher beim Mitglied der European Association of Mail Service Pharmacies" target="_blank" rel="noopener noreferrer"><div class="relative flex overflow-hidden"><img alt="Sicher ist sicher beim Mitglied der European Association of Mail Service Pharmacies" loading="lazy" width="60" height="40" decoding="async" data-nimg="1" class="rounded-sm bg-white" style="color:transparent" src="https://statics.docmorris.de/static/docmorris/cms/eaep_logo_negativ_0329812ae3.svg"/><span data-testid="skeleton" class="inline-block Skeleton_skeletonAnimation__7iWXi" style="width:60px;height:40px;position:absolute"></span></div></a></li></ul></section><section><h2 class="mb-4 text-base">Folgen Sie DocMorris</h2><ul class="mt-4 flex justify-start gap-2"><li><a href="https://www.docmorris.de/ratgeber/magazin" title="Zum DocMorris Blog" target="_blank" rel="noopener noreferrer"><div class="relative flex overflow-hidden"><img alt="Zum DocMorris Blog" loading="lazy" width="32" height="32" decoding="async" data-nimg="1" class="rounded-sm bg-white" style="color:transparent" src="https://statics.docmorris.de/static/docmorris/cms/blog_4380a38d7c.svg"/><span data-testid="skeleton" class="inline-block Skeleton_skeletonAnimation__7iWXi" style="width:32px;height:32px;position:absolute"></span></div></a></li><li><a href="https://www.facebook.com/DocMorris" title="DocMorris bei Facebook" target="_blank" rel="noopener noreferrer"><div class="relative flex overflow-hidden"><img alt="DocMorris bei Facebook" loading="lazy" width="32" height="32" decoding="async" data-nimg="1" class="rounded-sm bg-white" style="color:transparent" src="https://statics.docmorris.de/static/docmorris/cms/facebook_d63a80cf26.svg"/><span data-testid="skeleton" class="inline-block Skeleton_skeletonAnimation__7iWXi" style="width:32px;height:32px;position:absolute"></span></div></a></li><li><a href="https://www.instagram.com/docmorris/" title="DocMorris bei Instagram" target="_blank" rel="noopener noreferrer"><div class="relative flex overflow-hidden"><img alt="DocMorris bei Instagram" loading="lazy" width="32" height="32" decoding="async" data-nimg="1" class="rounded-sm bg-white" style="color:transparent" src="https://statics.docmorris.de/static/docmorris/cms/instagram_3a4865abdb.svg"/><span data-testid="skeleton" class="inline-block Skeleton_skeletonAnimation__7iWXi" style="width:32px;height:32px;position:absolute"></span></div></a></li><li><a href="https://www.youtube.com/docmorris" title="DocMorris bei YouTube" target="_blank" rel="noopener noreferrer"><div class="relative flex overflow-hidden"><img alt="DocMorris bei YouTube" loading="lazy" width="32" height="32" decoding="async" data-nimg="1" class="rounded-sm bg-white" style="color:transparent" src="https://statics.docmorris.de/static/docmorris/cms/youtube_3530a75c1e.svg"/><span data-testid="skeleton" class="inline-block Skeleton_skeletonAnimation__7iWXi" style="width:32px;height:32px;position:absolute"></span></div></a></li></ul></section><section><h2 class="mb-4 text-base">Kunden über DocMorris</h2><ul class="mt-4 flex justify-start gap-4"><li><a href="https://www.trustedshops.de/bewertung/info_XBCC64701E89EAC3EC1353A189AA2C6DD.html" title="Kunden über DocMorris bei Trusted Shops" target="_blank" rel="noopener noreferrer"><div class="relative flex overflow-hidden"><img alt="Kunden über DocMorris bei Trusted Shops" loading="lazy" width="220" height="93" decoding="async" data-nimg="1" style="color:transparent" src="https://statics.docmorris.de/static/docmorris/cms/trusted_shop_stars_d60e31e0fb.svg"/><span data-testid="skeleton" class="inline-block Skeleton_skeletonAnimation__7iWXi" style="width:220px;height:93px;position:absolute"></span></div></a></li></ul></section></section><section data-testid="footer-sitemap-section" class="border-b py-6 pb-6 lg:py-12 lg:pb-12"><ul class="flex flex-col flex-wrap gap-2 lg:flex-row lg:gap-8"><li class="flex-1"><h3 class="mb-4">Info</h3><ul><li class="mb-4 last:mb-0"><a class="text-sm" href="/lp/pharmazeutische-beratung" target="_self">Pharmazeutische Beratung</a></li><li class="mb-4 last:mb-0"><a class="text-sm" href="/online-arzt" target="_self">Online-Arzt</a></li><li class="mb-4 last:mb-0"><a class="text-sm" href="/rezepte" target="_self">E-Rezept</a></li><li class="mb-4 last:mb-0"><button role="link" aria-label="Freiumschläge" data-url="L2luZm9tYXRlcmlhbA==" class="underline-offset-[0.4em] hover:text-neutral-500 hover:no-underline font-normal text-neutral-700 no-underline" type="button">Freiumschläge</button></li><li class="mb-4 last:mb-0"><button role="link" aria-label="Katalog &amp; Infomaterial" data-url="L2luZm9tYXRlcmlhbA==" class="underline-offset-[0.4em] hover:text-neutral-500 hover:no-underline font-normal text-neutral-700 no-underline" type="button">Katalog &amp; Infomaterial</button></li><li class="mb-4 last:mb-0"><a class="text-sm" href="https://support.docmorris.de/hc/de/articles/18982804006545-Wie-hoch-sind-die-Versandkosten" target="_blank">Versandkosten</a></li><li class="mb-4 last:mb-0"><a class="text-sm" href="https://support.docmorris.de/hc/de" target="_blank">Hilfe &amp; FAQ</a></li><li class="mb-4 last:mb-0"><button role="link" aria-label="Beschwerdestelle" data-url="L3VlYmVyLXVucy9iZXNjaHdlcmRlc3RlbGxl" class="underline-offset-[0.4em] hover:text-neutral-500 hover:no-underline font-normal text-neutral-700 no-underline" type="button">Beschwerdestelle</button></li><li class="mb-4 last:mb-0"><button role="link" aria-label="Produktrückrufe" data-url="L3Byb2R1a3RydWVja3J1ZmU=" class="underline-offset-[0.4em] hover:text-neutral-500 hover:no-underline font-normal text-neutral-700 no-underline" type="button">Produktrückrufe</button></li><li class="mb-4 last:mb-0"><button role="link" aria-label="Kontakt" data-url="L2hpbGZlLWtvbnRha3Q=" class="underline-offset-[0.4em] hover:text-neutral-500 hover:no-underline font-normal text-neutral-700 no-underline" type="button">Kontakt</button></li><li class="mb-4 last:mb-0"><a class="text-sm" href="/punkte" target="_self">DocMorris Punkte</a></li><li class="mb-4 last:mb-0"><a class="text-sm" href="/ueber-uns/barrierefreiheit" target="_self">Barrierefreiheit</a></li></ul></li><li class="flex-1"><h3 class="mb-4">Unsere Top-Kategorien</h3><ul><li class="mb-4 last:mb-0"><a class="text-sm" href="/arzneimittel-gesundheit" target="_self">Arzneimittel</a></li><li class="mb-4 last:mb-0"><a class="text-sm" href="/rezepte/rezept-einloesen/e-rezept" target="_self">E-Rezept</a></li><li class="mb-4 last:mb-0"><a class="text-sm" href="/ratgeber" target="_self">Ratgeber</a></li><li class="mb-4 last:mb-0"><a class="text-sm" href="/ratgeber/wirkstofflexikon" target="_self">Wirkstofflexikon</a></li></ul></li><li class="flex-1"><h3 class="mb-4">Top-Marken</h3><ul><li class="mb-4 last:mb-0"><a class="text-sm" href="/marken/clinique" target="_self">Clinique</a></li><li class="mb-4 last:mb-0"><a class="text-sm" href="/marken/origins" target="_self">Origins</a></li><li class="mb-4 last:mb-0"><a class="text-sm" href="/marken/darphin" target="_self">Darphin</a></li><li class="mb-4 last:mb-0"><a class="text-sm" href="/marken/dr-jart" target="_self">Dr. Jart</a></li></ul></li></ul></section><section data-testid="static-footer-legal-section"><div data-testid="" class="mx-auto px-3 my-0 py-0 max-w-[1280px] md:px-10 sm:pb-24 legacy:px-[10px] sm:!pb-0"><nav aria-label="Wichtige Links"><ul class="inline-flex flex-wrap gap-4 py-8 text-sm md:gap-8"><li><a target="_blank" href="https://corporate.docmorris.com/en/" rel="noreferrer">Corporate Website</a></li><li><a target="_blank" href="https://ir-corporate.docmorris.com/en/news/newsroom" rel="noreferrer">Presse</a></li><li><button role="link" aria-label="AGB" data-url="L3VlYmVyLXVucy9hZ2I=" class="text-brand-500 font-semibold underline underline-offset-[0.4em] hover:text-neutral-500 hover:no-underline" type="button">AGB</button></li><li><a href="/ueber-uns/agb#widerruf">Widerruf</a></li><li><button role="link" aria-label="Datenschutz" data-url="L3VlYmVyLXVucy9kYXRlbnNjaHV0eg==" class="text-brand-500 font-semibold underline underline-offset-[0.4em] hover:text-neutral-500 hover:no-underline" type="button">Datenschutz</button></li><li><button role="link" aria-label="Elektro-Rücknahme" data-url="L2hpbGZlLWtvbnRha3QvZWxla3Ryb3J1ZWNrbmFobWU=" class="text-brand-500 font-semibold underline underline-offset-[0.4em] hover:text-neutral-500 hover:no-underline" type="button">Elektro-Rücknahme</button></li><li><a href="/kontaktformular">Kontakt</a></li><li><button role="link" aria-label="Impressum" data-url="L3VlYmVyLXVucy9pbXByZXNzdW0=" class="text-brand-500 font-semibold underline underline-offset-[0.4em] hover:text-neutral-500 hover:no-underline" type="button">Impressum</button></li><li><span>© 2026 DocMorris</span></li></ul></nav><div data-testid="legal-text" class="text-sm"><p>Zu Risiken und Nebenwirkungen lesen Sie die Packungsbeilage und fragen Sie Ihren Arzt oder Apotheker. Ihr Vertragspartner und verantwortlich: DocMorris N.V., Heerlen, KVK-Nr. 14066093</p><p>Manche individuell anzufertigende Arzneimittel (Rezepturen) sind bei DocMorris nicht erhältlich bzw. ihre Anfertigung kann länger dauern. Bitte wenden Sie sich vor Bestellung einer Rezeptur an unseren Kundenservice.</p><p>Alle Preise inkl.MwSt.Preisänderungen und Irrtum vorbehalten. Die Preise auf DocMorris.de können von den Preisen in gedruckten Werbemitteln (Kataloge, Anzeigen etc.) abweichen, und gelten nur bei Online-Bestellung unter DocMorris.de. Die Preise gelten nicht in den stationären Partnerapotheken.</p><p>Wir liefern <b>versandkostenfrei</b>, wenn Sie rezeptfreie Produkte <b>ab  Bestellwert</b> kaufen oder wenn Sie ein <b>Rezept einsenden</b>. Ansonsten berechnen wir zusätzlich  Versandkosten. Alle Preise Inkl. gesetzl. MwSt.</p><p>¹ Bei Bestellung verschreibungspflichtiger Medikamente erhalten Sie pro Medikamentenpackung einen Vorteil von mindestens 2,50 € und bis zu 5 €. Bei einem Rezept mit 6 Medikamentenpackungen mit Maximalbonus sind das bis zu 30 € Sparvorteil.</p><p>² Allgemeine Gutscheinbedingungen: Soweit sich aus besonderen Bedingungen der jeweiligen Werbeaktion nichts Abweichendes ergibt, gilt für die Einlösung von Gutscheinen, Preisvorteilscodes und anderen insoweit gewährten Vorteilen (zusammen „Gutscheine“) Folgendes: Gutscheine sind ausschließlich im Rahmen von Bestellungen in unserem Online-Shop DocMorris.de und unserer DocMorris App, einmalig und nur im ausgelobten Aktionszeitraum einlösbar. Pro Kundenkonto ist pro Werbeaktion nur ein Gutscheincode einlösbar. Der Wert des im Bestellprozess eingegebenen Gutschein(code)s wird automatisch vom Rechnungsbetrag abgezogen. Einlösbar für unser Gesamtsortiment rezeptfreier Produkte inklusive reduzierter Ware. Nicht kombinierbar mit weiteren Aktionen oder Preisvorteilen, z.B. Sonderpreisen, die exklusiv über Dritte ausgelobt werden. Bei Eingabe eines Gutschein(code)s kann ein höherer Preis als der Sonderpreis zu Grunde gelegt werden. Ein den Rechnungsbetrag übersteigender Gutscheinwert verfällt. Die Auszahlung des Gutscheinwerts ist ausgeschlossen. Nicht einlösbar bei Sammelbestellungen. Für die Prüfung der Gültigkeit des Gutscheins müssen Sie sich in Ihr Kundenkonto einloggen.</p><p>³ Dieser Preis gilt für die Auswahl Kassenrezept inkl. Zuzahlung.</p><p>*UVP = Unverbindliche Preisempfehlung des Herstellers; * AVP = Der für den Fall der Abgabe zu Lasten der gesetzlichen Krankenkasse (KK) vom pharmazeutischen Unternehmer zum Zwecke der Abrechnung der Apotheken mit den Krankenkassen gegenüber der Informationsstelle für Arzneispezialitäten GmbH (IFA) angegebene einheitliche Produkt-Abgabepreis im Sinne des § 78 Abs. 3 S. 1, 2. HS AMG, der von der KK im Ausnahmefall der Erstattung abzüglich 5 % an die Apotheke ausgezahlt wird.</p><p>**Gilt für alle gültigen E-Rezepte, die im Zeitraum von Montag bis Donnerstag bis 20 Uhr und Freitag bis 13 Uhr digital bei uns eingehen. E-Rezepte die Freitag nach 13:00 eingehen, werden am Montag zugestellt. E-Rezepte die zwischen Samstag 00:00 Uhr und Sonntag 24:00 Uhr eingehen, werden am Dienstag zugestellt. Von der Lieferung am nächsten Tag ausgenommen sind spezielle Rezepturen, Medikamente oder von einem Rahmenvertrag der Krankenkasse des Patienten vorgesehene Austausch-Medikamente, die aufgrund von Lieferengpässen nicht verfügbar sind, zu kühlende Medikamente, sowie Rezepte, die eine pharmazeutische Klärung mit Ihnen oder Ihrem Arzt erfordern oder die aus pharmazeutischen Gründen nicht beliefert werden dürfen. Für die pharmazeutische Klärung ist die Angabe Ihrer Telefonnummer notwendig. Um Ihnen die schnellstmögliche Lieferung Ihrer rezeptpflichtigen Artikel anbieten zu können, kann es in Ausnahmefällen zu einem nachträglichen Austausch des Versanddienstleisters kommen. Die Lieferung am nächsten Tag gilt nicht für Bestellungen, bei denen eine Packstation als Lieferadresse angegeben wurde. Sofern der Tag oder der nächste Tag nach Ihrer Bestellung ein Feiertag in NRW und / oder ein Feiertag an Ihrem Wohnort ist, erfolgt die Lieferung am ersten Werktag, der kein Feiertag mehr ist. In Fällen höherer Gewalt erfolgt die Lieferung ebenfalls erst an dem Werktag, der keine Feiertag ist, der auf das Ende des Ereignisses höherer Gewalt folgt.</p><p>***Zwischen der Versandapotheke DocMorris und den DocMorris Vor-Ort-Apotheken besteht keine rechtliche oder wirtschaftliche Verbindung.</p><p>Ihr Vertragspartner und verantwortlich: DocMorris N.V., Heerlen, KVK-Nr.14066093</p></div></div></section></div></footer></div></div><script id="__NEXT_DATA__" type="application/json">{"props":{"pageProps":{"serverState":{"initialResults":{"pro_docmorris_products":{"state":{"facets":[],"disjunctiveFacets":["attributes.packaging_size","pharmaceutical_properties.pharmaceutical_form","manufacturer.name","brand_names","sales_type_filter","attributes.eigenschaften","attributes.geeignet_fuer","rating.average_overall","pricing.price","attributes.docmorris_labels"],"hierarchicalFacets":[{"name":"category_hierarchy.lv0","attributes":["category_hierarchy.lv0","category_hierarchy.lv1","category_hierarchy.lv2","category_hierarchy.lv3","category_hierarchy.lv4","category_hierarchy.lv5"],"separator":" \u003e ","rootPath":null,"showParentLevel":true}],"facetsRefinements":{},"facetsExcludes":{},"disjunctiveFacetsRefinements":{"attributes.packaging_size":[],"pharmaceutical_properties.pharmaceutical_form":[],"manufacturer.name":[],"brand_names":[],"sales_type_filter":[],"attributes.eigenschaften":[],"attributes.geeignet_fuer":[],"attributes.docmorris_labels":[]},"numericRefinements":{"rating.average_overall":{},"pricing.price":{}},"tagRefinements":[],"hierarchicalFacetsRefinements":{"category_hierarchy.lv0":["Arzneimittel \u0026 Gesundheit"]},"index":"pro_docmorris_products","attributesToRetrieve":["lazy_id","product_id","readable_id","product_group_id","ean","slug","name","medias_v2","sales_type","pricing","base_price","has_stock","manufacturer","brand","pharmaceutical_properties","attributes","variant_count","rating","category_hierarchy","seller","categories_belongs_to","sub_headline"],"getRankingInfo":true,"maxValuesPerFacet":200,"highlightPreTag":"__ais-highlight__","highlightPostTag":"__/ais-highlight__","page":0},"results":[{"hits":[{"product_id":"cf020a8a-6647-4966-aa38-0f638d61cd58","lazy_id":"07728561","product_group_id":"0cd46d4a-78e8-4db3-a2c0-dc8deb407216","readable_id":"FX5CCQ6V","ean":null,"slug":"heumann-ibuprofen-schmerztabletten-400-mg-filmtabletten","name":"Heumann Ibuprofen Schmerztabletten 400 mg Filmtabletten 50 St","medias_v2":[{"resource":"/static/produkte/FX5CCQ6V/docmorris/heumann-ibuprofen-schmerztabletten-400-mg-filmtabl-07728561-0-1716367448458830.jpeg","position":0,"base_url":"https://statics.docmorris.de"}],"pricing":{"price":3.69,"base_price":"0.07 €/St","recommended_price":11.84,"show_recommended_price":true,"savings_percentage":69,"prescription_types_prices":[{"price":0.34,"type":"payment_exempt"},{"price":3.79,"type":"private"},{"price":5.34,"type":"public"}]},"sales_type":"otx","pharmaceutical_properties":{"drug":true,"veterinary_medicament":false,"free_public_prescription":true,"pharmaceutical_form":"Filmtabletten","atc_code":"M01AE01","cold_chain":false,"active_ingredients":["Ibuprofen"],"import_reimport":false,"is_cbd":false},"manufacturer":{"manufacturer_id":"842968db-f643-4964-8f0d-a6a1108e0949","name":"HEUMANN PHARMA GmbH \u0026 Co. Generica KG"},"attributes":{"alter_1":["6"],"alter_2":["Jahre"],"eigenschaften":["glutenfrei"],"packaging_size":"50 St"},"brand":{"name":"Heumann","readable_id":"4J0JNH5M"},"seller":{"seller_id":"9e7bfe5d-d968-4c40-a98d-bac6dd55a23d","seller_name":"Apotal","seller_postal_code":"49214","has_same_day_delivery":false},"variant_count":4,"has_stock":true,"category_hierarchy":{"lv3":["Arzneimittel \u0026 Gesundheit \u003e Schmerzmittel \u003e Schmerzmittel nach Wirkstoff \u003e Ibuprofen","Arzneimittel \u0026 Gesundheit \u003e Erkältung \u0026 Grippe \u003e Fieberthermometer \u0026 Mittel \u003e Fiebersenkende Mittel"],"lv2":["Arzneimittel \u0026 Gesundheit \u003e Schmerzmittel \u003e Schmerzmittel nach Wirkstoff","Arzneimittel \u0026 Gesundheit \u003e Erkältung \u0026 Grippe \u003e Fieberthermometer \u0026 Mittel","Arzneimittel \u0026 Gesundheit \u003e Schmerzmittel \u003e Kopfschmerzen \u0026 Migräne"],"lv1":["Arzneimittel \u0026 Gesundheit \u003e Schmerzmittel","Arzneimittel \u0026 Gesundheit \u003e Erkältung \u0026 Grippe"],"lv0":["Arzneimittel \u0026 Gesundheit"]},"rating":{"average_overall":4.83,"total_reviews":699},"categories_belongs_to":[{"readable_id":"LN2XV15C","name":"Ibuprofen"},{"readable_id":"Y01V1ZJZ","name":"Schmerzmittel nach Wirkstoff"},{"readable_id":"L1WPMT3G","name":"Schmerzmittel"},{"readable_id":"XVH4PLGY","name":"Arzneimittel \u0026 Gesundheit"},{"readable_id":"VVLC2JHN","name":"Fiebersenkende Mittel"},{"readable_id":"6TG9M9P6","name":"Fieberthermometer \u0026 Mittel"},{"readable_id":"PY9GWZ6M","name":"Erkältung \u0026 Grippe"},{"readable_id":"TKJHPYYR","name":"Kopfschmerzen \u0026 Migräne"}],"sub_headline":"Bei leichten bis mittelstarken Schmerzen wie Kopf-, Zahn- und Regelschmerzen","objectID":"FX5CCQ6V_9e7bfe5d-d968-4c40-a98d-bac6dd55a23d","_highlightResult":{"lazy_id":{"value":"07728561","matchLevel":"none","matchedWords":[]},"readable_id":{"value":"FX5CCQ6V","matchLevel":"none","matchedWords":[]},"name":{"value":"Heumann Ibuprofen Schmerztabletten 400 mg Filmtabletten 50 St","matchLevel":"none","matchedWords":[]},"pharmaceutical_properties":{"active_ingredients":[{"value":"Ibuprofen","matchLevel":"none","matchedWords":[]}]},"manufacturer":{"name":{"value":"HEUMANN PHARMA GmbH \u0026 Co. Generica KG","matchLevel":"none","matchedWords":[]}},"keywords":[{"value":"Ibuprofen","matchLevel":"none","matchedWords":[]},{"value":"Zahnschmerzen","matchLevel":"none","matchedWords":[]},{"value":"kopfschmerztabletten","matchLevel":"none","matchedWords":[]},{"value":"schmerzen","matchLevel":"none","matchedWords":[]},{"value":"fieber","matchLevel":"none","matchedWords":[]},{"value":"cluster kopfschmerzen","matchLevel":"none","matchedWords":[]},{"value":"schmerztherapie","matchLevel":"none","matchedWords":[]},{"value":"spannungskopfschmerz","matchLevel":"none","matchedWords":[]},{"value":"blasenentzündung ibuprofen","matchLevel":"none","matchedWords":[]},{"value":"ibuprofen schwangerschaft","matchLevel":"none","matchedWords":[]}],"brand":{"name":{"value":"Heumann","matchLevel":"none","matchedWords":[]},"readable_id":{"value":"4J0JNH5M","matchLevel":"none","matchedWords":[]}},"pzn_trimmed_zeros":{"value":"7728561","matchLevel":"none","matchedWords":[]}},"_rankingInfo":{"nbTypos":0,"firstMatchedWord":0,"proximityDistance":0,"userScore":96,"geoDistance":0,"geoPrecision":1,"nbExactWords":0,"words":0,"filters":2}},{"product_id":"466dc246-0997-45be-8a24-1f0b463e7646","lazy_id":"01578675","product_group_id":"466dc246-0997-45be-8a24-1f0b463e7646","readable_id":"FX5UP9SI","ean":null,"slug":"bepanthen-augen-und-nasensalbe","name":"Bepanthen Augen- und Nasensalbe 10 g","medias_v2":[{"resource":"/static/produkte/FX5UP9SI/docmorris/bepanthen-augen-und-nasensalbe-10-g-01578675-0-1713969348924170.jpeg","position":0,"base_url":"https://statics.docmorris.de"}],"pricing":{"price":5.99,"base_price":"599.00 €/kg","recommended_price":8.48,"show_recommended_price":true,"savings_percentage":29,"prescription_types_prices":[{"price":2.01,"type":"payment_exempt"},{"price":5.99,"type":"private"},{"price":7.01,"type":"public"}]},"sales_type":"otx","pharmaceutical_properties":{"drug":true,"veterinary_medicament":false,"free_public_prescription":true,"pharmaceutical_form":"Augen- und Nasensalbe","atc_code":"S01XA12","cold_chain":false,"active_ingredients":["Dexpanthenol"],"import_reimport":false,"is_cbd":false},"manufacturer":{"manufacturer_id":"2956063d-8121-4ffe-87db-85f694e26bfb","name":"Bayer Vital GmbH Geschäftsbereich Selbstmedikation"},"attributes":{"eigenschaften":["ohne Konservierungsstoffe","duftstofffrei","alkoholfrei","frei von Soja","laktosefrei","glutenfrei"],"geeignet_fuer":["Schwangere","Stillzeit"],"packaging_size":"10 g"},"brand":{"name":"Bepanthen","readable_id":"CZGC2XGC"},"seller":{"seller_id":"6fee4fe5-caf4-485d-9e1a-a3a5808ec912","seller_name":"DocMorris Apotheke","seller_postal_code":"6422","has_same_day_delivery":false},"variant_count":3,"has_stock":true,"category_hierarchy":{"lv3":["Arzneimittel \u0026 Gesundheit \u003e Auge \u0026 Ohr \u003e Gereizte \u0026 trockene Augen \u003e Augensalbe"],"lv2":["Arzneimittel \u0026 Gesundheit \u003e Auge \u0026 Ohr \u003e Gereizte \u0026 trockene Augen"],"lv1":["Arzneimittel \u0026 Gesundheit \u003e Auge \u0026 Ohr"],"lv0":["Arzneimittel \u0026 Gesundheit"]},"rating":{"average_overall":4.81,"total_reviews":1878},"categories_belongs_to":[{"readable_id":"J3PPPWRZ","name":"Augensalbe"},{"readable_id":"26CX4LP0","name":"Gereizte \u0026 trockene Augen"},{"readable_id":"PMXF774C","name":"Auge \u0026 Ohr"},{"readable_id":"XVH4PLGY","name":"Arzneimittel \u0026 Gesundheit"}],"sub_headline":"Pflegt rissige Nasenschleimhaut und schädigte Bindehaut mit Dexpanthenol","objectID":"FX5UP9SI_6fee4fe5-caf4-485d-9e1a-a3a5808ec912","_highlightResult":{"lazy_id":{"value":"01578675","matchLevel":"none","matchedWords":[]},"readable_id":{"value":"FX5UP9SI","matchLevel":"none","matchedWords":[]},"name":{"value":"Bepanthen Augen- und Nasensalbe 10 g","matchLevel":"none","matchedWords":[]},"pharmaceutical_properties":{"active_ingredients":[{"value":"Dexpanthenol","matchLevel":"none","matchedWords":[]}]},"manufacturer":{"name":{"value":"Bayer Vital GmbH Geschäftsbereich Selbstmedikation","matchLevel":"none","matchedWords":[]}},"keywords":[{"value":"trockene nase","matchLevel":"none","matchedWords":[]},{"value":"nasenschleimhaut","matchLevel":"none","matchedWords":[]},{"value":"nasensalbe","matchLevel":"none","matchedWords":[]},{"value":"trockene nasenschleimhaut","matchLevel":"none","matchedWords":[]},{"value":"augensalbe","matchLevel":"none","matchedWords":[]},{"value":"bindehaut","matchLevel":"none","matchedWords":[]},{"value":"nasenschleimhaut trocken","matchLevel":"none","matchedWords":[]},{"value":"hornhaut auge","matchLevel":"none","matchedWords":[]},{"value":"wunde in der nase","matchLevel":"none","matchedWords":[]},{"value":"wunde nase","matchLevel":"none","matchedWords":[]},{"value":"nasenöl","matchLevel":"none","matchedWords":[]},{"value":"nase innen wund und verkrustet","matchLevel":"none","matchedWords":[]},{"value":"juckende augenlider","matchLevel":"none","matchedWords":[]},{"value":"nase innen wund","matchLevel":"none","matchedWords":[]},{"value":"kruste in der nase","matchLevel":"none","matchedWords":[]}],"brand":{"name":{"value":"Bepanthen","matchLevel":"none","matchedWords":[]},"readable_id":{"value":"CZGC2XGC","matchLevel":"none","matchedWords":[]}},"pzn_trimmed_zeros":{"value":"1578675","matchLevel":"none","matchedWords":[]}},"_rankingInfo":{"nbTypos":0,"firstMatchedWord":0,"proximityDistance":0,"userScore":95,"geoDistance":0,"geoPrecision":1,"nbExactWords":0,"words":0,"filters":2}},{"product_id":"2f058779-4152-4694-9852-5cb9922dc5bf","lazy_id":"10019621","product_group_id":"36ed0d1d-4b95-46e2-887b-c4a03d5fe3c0","readable_id":"FX54TUWF","ean":null,"slug":"ibu-ratiopharm-400-mg-akut-schmerztabletten","name":"IBU ratiopharm 400 mg akut Schmerztabletten 50 St","medias_v2":[{"resource":"/static/produkte/FX54TUWF/docmorris/ibu-ratiopharm-400-mg-akut-schmerztabletten-50-st-10019621-0-1714035617107707.jpeg","position":0,"base_url":"https://statics.docmorris.de"}],"pricing":{"price":5.89,"base_price":"0.12 €/St","recommended_price":13.45,"show_recommended_price":true,"savings_percentage":56,"prescription_types_prices":[{"price":1.95,"type":"payment_exempt"},{"price":5.89,"type":"private"},{"price":6.95,"type":"public"}]},"sales_type":"otx","pharmaceutical_properties":{"drug":true,"veterinary_medicament":false,"free_public_prescription":true,"pharmaceutical_form":"Filmtabletten","atc_code":"M01AE01","cold_chain":false,"active_ingredients":["Ibuprofen"],"import_reimport":false,"is_cbd":false},"manufacturer":{"manufacturer_id":"098703c1-0a96-4282-86a7-9702f18659e2","name":"ratiopharm GmbH"},"attributes":{"packaging_size":"50 St"},"brand":{"name":"Ratiopharm","readable_id":"G5MR9X0Z"},"seller":{"seller_id":"6fee4fe5-caf4-485d-9e1a-a3a5808ec912","seller_name":"DocMorris Apotheke","seller_postal_code":"6422","has_same_day_delivery":false},"variant_count":3,"has_stock":true,"category_hierarchy":{"lv2":["Arzneimittel \u0026 Gesundheit \u003e Mund- \u0026 Zahngesundheit \u003e Zahnschmerzen","Arzneimittel \u0026 Gesundheit \u003e Schmerzmittel \u003e Schmerzmittel nach Wirkstoff","Arzneimittel \u0026 Gesundheit \u003e Schmerzmittel \u003e Rückenschmerzen","Arzneimittel \u0026 Gesundheit \u003e Erkältung \u0026 Grippe \u003e Fieberthermometer \u0026 Mittel","Arzneimittel \u0026 Gesundheit \u003e Schmerzmittel \u003e Regelschmerzen","Arzneimittel \u0026 Gesundheit \u003e Schmerzmittel \u003e Kopfschmerzen \u0026 Migräne"],"lv1":["Arzneimittel \u0026 Gesundheit \u003e Mund- \u0026 Zahngesundheit","Arzneimittel \u0026 Gesundheit \u003e Schmerzmittel","Arzneimittel \u0026 Gesundheit \u003e Erkältung \u0026 Grippe"],"lv0":["Arzneimittel \u0026 Gesundheit"],"lv3":["Arzneimittel \u0026 Gesundheit \u003e Schmerzmittel \u003e Schmerzmittel nach Wirkstoff \u003e Ibuprofen","Arzneimittel \u0026 Gesundheit \u003e Erkältung \u0026 Grippe \u003e Fieberthermometer \u0026 Mittel \u003e Fiebersenkende Mittel"]},"rating":{"average_overall":4.79,"total_reviews":791},"categories_belongs_to":[{"readable_id":"VY095WC0","name":"Zahnschmerzen"},{"readable_id":"FT4R5LXK","name":"Mund- \u0026 Zahngesundheit"},{"readable_id":"XVH4PLGY","name":"Arzneimittel \u0026 Gesundheit"},{"readable_id":"L1WPMT3G","name":"Schmerzmittel"},{"readable_id":"PY9GWZ6M","name":"Erkältung \u0026 Grippe"},{"readable_id":"LN2XV15C","name":"Ibuprofen"},{"readable_id":"Y01V1ZJZ","name":"Schmerzmittel nach Wirkstoff"},{"readable_id":"6WCJ6V2X","name":"Rückenschmerzen"},{"readable_id":"VVLC2JHN","name":"Fiebersenkende Mittel"},{"readable_id":"6TG9M9P6","name":"Fieberthermometer \u0026 Mittel"},{"readable_id":"H9J54TM7","name":"Regelschmerzen"},{"readable_id":"TKJHPYYR","name":"Kopfschmerzen \u0026 Migräne"}],"sub_headline":"Wirkt gegen Kopf-, Zahn-, Gelenk- und Regelschmerzen sowie Fieber","objectID":"FX54TUWF_6fee4fe5-caf4-485d-9e1a-a3a5808ec912","_highlightResult":{"lazy_id":{"value":"10019621","matchLevel":"none","matchedWords":[]},"readable_id":{"value":"FX54TUWF","matchLevel":"none","matchedWords":[]},"name":{"value":"IBU ratiopharm 400 mg akut Schmerztabletten 50 St","matchLevel":"none","matchedWords":[]},"pharmaceutical_properties":{"active_ingredients":[{"value":"Ibuprofen","matchLevel":"none","matchedWords":[]}]},"manufacturer":{"name":{"value":"ratiopharm GmbH","matchLevel":"none","matchedWords":[]}},"keywords":[{"value":"Ibuprofen","matchLevel":"none","matchedWords":[]},{"value":"rückenschmerzen","matchLevel":"none","matchedWords":[]},{"value":"fieber","matchLevel":"none","matchedWords":[]},{"value":"kopfschmerz","matchLevel":"none","matchedWords":[]},{"value":"kopfschmerzen","matchLevel":"none","matchedWords":[]},{"value":"migräne","matchLevel":"none","matchedWords":[]},{"value":"schmerzmittel","matchLevel":"none","matchedWords":[]},{"value":"schmerz","matchLevel":"none","matchedWords":[]},{"value":"schmerztablette","matchLevel":"none","matchedWords":[]},{"value":"spannungskopfschmerz","matchLevel":"none","matchedWords":[]}],"brand":{"name":{"value":"Ratiopharm","matchLevel":"none","matchedWords":[]},"readable_id":{"value":"G5MR9X0Z","matchLevel":"none","matchedWords":[]}},"pzn_trimmed_zeros":{"value":"10019621","matchLevel":"none","matchedWords":[]}},"_rankingInfo":{"nbTypos":0,"firstMatchedWord":0,"proximityDistance":0,"userScore":94,"geoDistance":0,"geoPrecision":1,"nbExactWords":0,"words":0,"filters":2}},{"product_id":"0b708a5f-e21c-4357-b6ba-e6764f089d2a","lazy_id":"09285547","product_group_id":"8b338f18-890e-424e-bcd9-775c882fd669","readable_id":"FX5AZGC8","ean":null,"slug":"sinupret-extract","name":"Sinupret eXtract 40 St","medias_v2":[{"resource":"/static/produkte/FX5AZGC8/docmorris/sinupret-extract-40-st-09285547-0-1757401418696013.png","position":0,"base_url":"https://statics.docmorris.de"}],"pricing":{"price":22.79,"base_price":"0.57 €/St","recommended_price":29.99,"show_recommended_price":true,"savings_percentage":24,"prescription_types_prices":[{"price":0,"type":"payment_exempt"},{"price":22.79,"type":"private"},{"price":5,"type":"public"}]},"sales_type":"otx","pharmaceutical_properties":{"drug":true,"veterinary_medicament":false,"free_public_prescription":true,"pharmaceutical_form":"Überzogene Tabletten","atc_code":"R01BP30","cold_chain":false,"active_ingredients":[],"import_reimport":false,"is_cbd":false},"manufacturer":{"manufacturer_id":"c0a3bb18-7de5-47df-9e86-6b9394b7f766","name":"Bionorica SE"},"attributes":{"alter_1":["12"],"eigenschaften":["vegan","alkoholfrei","vegetarisch","pflanzlich","gelatinefrei","laktosefrei","glutenfrei"],"alter_2":["Jahre"],"packaging_size":"40 St"},"brand":{"name":"Sinupret","readable_id":"CZ4RLW8H"},"seller":{"seller_id":"6fee4fe5-caf4-485d-9e1a-a3a5808ec912","seller_name":"DocMorris Apotheke","seller_postal_code":"6422","has_same_day_delivery":false},"variant_count":4,"has_stock":true,"category_hierarchy":{"lv0":["Arzneimittel \u0026 Gesundheit"],"lv1":["Arzneimittel \u0026 Gesundheit \u003e Erkältung \u0026 Grippe","Arzneimittel \u0026 Gesundheit \u003e Homöopathie \u0026 Natur"],"lv3":["Arzneimittel \u0026 Gesundheit \u003e Homöopathie \u0026 Natur \u003e Pflanzen- \u0026 Naturtherapie \u003e Erkältung \u0026 Abwehrkräfte","Arzneimittel \u0026 Gesundheit \u003e Erkältung \u0026 Grippe \u003e Schnupfen \u0026 Nasennebenhöhlenentzündung \u003e Schleimlöser","Arzneimittel \u0026 Gesundheit \u003e Homöopathie \u0026 Natur \u003e Pflanzen- \u0026 Naturtherapie \u003e Mutter \u0026 Kind"],"lv2":["Arzneimittel \u0026 Gesundheit \u003e Homöopathie \u0026 Natur \u003e Pflanzen- \u0026 Naturtherapie","Arzneimittel \u0026 Gesundheit \u003e Erkältung \u0026 Grippe \u003e Schnupfen \u0026 Nasennebenhöhlenentzündung","Arzneimittel \u0026 Gesundheit \u003e Erkältung \u0026 Grippe \u003e Pflanzlich \u0026 Homöopathisch"]},"rating":{"average_overall":4.68,"total_reviews":543},"categories_belongs_to":[{"readable_id":"XVH4PLGY","name":"Arzneimittel \u0026 Gesundheit"},{"readable_id":"PY9GWZ6M","name":"Erkältung \u0026 Grippe"},{"readable_id":"28NRKZF5","name":"Erkältung \u0026 Abwehrkräfte"},{"readable_id":"0THFHTYR","name":"Pflanzen- \u0026 Naturtherapie"},{"readable_id":"KGR59GKL","name":"Homöopathie \u0026 Natur"},{"readable_id":"JRNKXGFK","name":"Schnupfen \u0026 Nasennebenhöhlenentzündung"},{"readable_id":"2Z3TGC5C","name":"Schleimlöser"},{"readable_id":"TG3VY4PT","name":"Pflanzlich \u0026 Homöopathisch"},{"readable_id":"GK143KHM","name":"Mutter \u0026 Kind"}],"sub_headline":"Mit 5-Pflanzenkombination: Löst Schleim, öffnet die Nase und befreit den Kopf","objectID":"FX5AZGC8_6fee4fe5-caf4-485d-9e1a-a3a5808ec912","_highlightResult":{"lazy_id":{"value":"09285547","matchLevel":"none","matchedWords":[]},"readable_id":{"value":"FX5AZGC8","matchLevel":"none","matchedWords":[]},"name":{"value":"Sinupret eXtract 40 St","matchLevel":"none","matchedWords":[]},"manufacturer":{"name":{"value":"Bionorica SE","matchLevel":"none","matchedWords":[]}},"keywords":[{"value":"Schleim","matchLevel":"none","matchedWords":[]},{"value":"Eukalyptusöl","matchLevel":"none","matchedWords":[]},{"value":"Erkältung Medikamente","matchLevel":"none","matchedWords":[]},{"value":"Nasenwärmer","matchLevel":"none","matchedWords":[]},{"value":"Schleimlöser","matchLevel":"none","matchedWords":[]},{"value":"Nasenöl","matchLevel":"none","matchedWords":[]},{"value":"Inhalierstift","matchLevel":"none","matchedWords":[]},{"value":"Nasennebenhöhlenentzündung","matchLevel":"none","matchedWords":[]},{"value":"Sinusitis","matchLevel":"none","matchedWords":[]},{"value":"inhalieren","matchLevel":"none","matchedWords":[]},{"value":"abschwellend","matchLevel":"none","matchedWords":[]},{"value":"Nase frei","matchLevel":"none","matchedWords":[]},{"value":"Erkältungskapseln","matchLevel":"none","matchedWords":[]},{"value":"Schnupfen","matchLevel":"none","matchedWords":[]},{"value":"Grippe","matchLevel":"none","matchedWords":[]},{"value":"Bionorica","matchLevel":"none","matchedWords":[]},{"value":"Verstopfte Nase","matchLevel":"none","matchedWords":[]},{"value":"Nase frei atmen","matchLevel":"none","matchedWords":[]}],"brand":{"name":{"value":"Sinupret","matchLevel":"none","matchedWords":[]},"readable_id":{"value":"CZ4RLW8H","matchLevel":"none","matchedWords":[]}},"pzn_trimmed_zeros":{"value":"9285547","matchLevel":"none","matchedWords":[]}},"_rankingInfo":{"nbTypos":0,"firstMatchedWord":0,"proximityDistance":0,"userScore":93,"geoDistance":0,"geoPrecision":1,"nbExactWords":0,"words":0,"filters":2}},{"product_id":"c576721f-7da6-4db6-85eb-0d451f6f2b2f","lazy_id":"00571748","product_group_id":"c576721f-7da6-4db6-85eb-0d451f6f2b2f","readable_id":"FX5WQKPB","ean":null,"slug":"grippostad-c-hartkapseln","name":"Grippostad C Hartkapseln 24 St","medias_v2":[{"resource":"/static/produkte/FX5WQKPB/docmorris/grippostad-c-hartkapseln-24-st-00571748-0-1713967319626705.jpeg","position":0,"base_url":"https://statics.docmorris.de"}],"pricing":{"price":9.99,"base_price":"0.42 €/St","recommended_price":16.99,"show_recommended_price":true,"savings_percentage":41,"prescription_types_prices":[{"price":0,"type":"payment_exempt"},{"price":9.99,"type":"private"},{"price":5,"type":"public"}]},"sales_type":"otc","pharmaceutical_properties":{"drug":true,"veterinary_medicament":false,"free_public_prescription":true,"pharmaceutical_form":"Hartkapseln","atc_code":"R05XA01","cold_chain":false,"active_ingredients":[],"import_reimport":false,"is_cbd":false},"manufacturer":{"manufacturer_id":"8a976fcd-0044-4fcf-94d4-13f05a0ca632","name":"STADA Consumer Health Deutschland GmbH"},"attributes":{"packaging_size":"24 St"},"brand":{"name":"Grippostad","readable_id":"16Y4HY0K"},"seller":{"seller_id":"6fee4fe5-caf4-485d-9e1a-a3a5808ec912","seller_name":"DocMorris Apotheke","seller_postal_code":"6422","has_same_day_delivery":false},"variant_count":3,"has_stock":true,"category_hierarchy":{"lv1":["Arzneimittel \u0026 Gesundheit \u003e Erkältung \u0026 Grippe"],"lv0":["Arzneimittel \u0026 Gesundheit"],"lv2":["Arzneimittel \u0026 Gesundheit \u003e Erkältung \u0026 Grippe \u003e Grippaler Infekt"]},"rating":{"average_overall":4.69,"total_reviews":1336},"categories_belongs_to":[{"readable_id":"PY9GWZ6M","name":"Erkältung \u0026 Grippe"},{"readable_id":"XVH4PLGY","name":"Arzneimittel \u0026 Gesundheit"},{"readable_id":"W4GC7VL4","name":"Grippaler Infekt"}],"sub_headline":"Hilft schnell gegen Erkältung mit Vitamin C Booster","objectID":"FX5WQKPB_6fee4fe5-caf4-485d-9e1a-a3a5808ec912","_highlightResult":{"lazy_id":{"value":"00571748","matchLevel":"none","matchedWords":[]},"readable_id":{"value":"FX5WQKPB","matchLevel":"none","matchedWords":[]},"name":{"value":"Grippostad C Hartkapseln 24 St","matchLevel":"none","matchedWords":[]},"manufacturer":{"name":{"value":"STADA Consumer Health Deutschland GmbH","matchLevel":"none","matchedWords":[]}},"keywords":[{"value":"Erkältung","matchLevel":"none","matchedWords":[]},{"value":"Grippe","matchLevel":"none","matchedWords":[]},{"value":"Infekt","matchLevel":"none","matchedWords":[]},{"value":"Grippostad","matchLevel":"none","matchedWords":[]},{"value":"Fieber","matchLevel":"none","matchedWords":[]},{"value":"Gliederschmerzen","matchLevel":"none","matchedWords":[]}],"brand":{"name":{"value":"Grippostad","matchLevel":"none","matchedWords":[]},"readable_id":{"value":"16Y4HY0K","matchLevel":"none","matchedWords":[]}},"pzn_trimmed_zeros":{"value":"571748","matchLevel":"none","matchedWords":[]}},"_rankingInfo":{"nbTypos":0,"firstMatchedWord":0,"proximityDistance":0,"userScore":92,"geoDistance":0,"geoPrecision":1,"nbExactWords":0,"words":0,"filters":2}},{"product_id":"abc22fe5-cc42-45b3-905d-2aac0657cca0","lazy_id":"11240397","product_group_id":"abc22fe5-cc42-45b3-905d-2aac0657cca0","readable_id":"FX5U2BBF","ean":null,"slug":"voltaren-schmerzgel-forte-232-mgg","name":"Voltaren Schmerzgel forte 23,2 mg/g 180 g","medias_v2":[{"resource":"/static/produkte/FX5U2BBF/docmorris/voltaren-schmerzgel-forte-23-2-mg-g-180-g-11240397-0-1740513661383403.jpg","position":0,"base_url":"https://statics.docmorris.de"}],"pricing":{"price":24.99,"base_price":"138.83 €/kg","recommended_price":34.9,"show_recommended_price":true,"savings_percentage":28,"prescription_types_prices":[{"price":0,"type":"payment_exempt"},{"price":24.99,"type":"private"},{"price":5,"type":"public"}]},"sales_type":"otc","pharmaceutical_properties":{"drug":true,"veterinary_medicament":false,"free_public_prescription":true,"pharmaceutical_form":"Gel","atc_code":"M02AA15","cold_chain":false,"active_ingredients":[],"import_reimport":false,"is_cbd":false},"manufacturer":{"manufacturer_id":"3e98dde1-2a80-4f98-82f0-bb86f80b2062","name":"Haleon Germany GmbH"},"attributes":{"alter_1":["14"],"eigenschaften":["zuckerfrei","alkoholfrei","frei von Soja","frei von Nüssen","laktosefrei","glutenfrei"],"alter_2":["Jahre"],"packaging_size":"180 g"},"brand":{"name":"Voltaren","readable_id":"MMZYZW15"},"seller":{"seller_id":"6fee4fe5-caf4-485d-9e1a-a3a5808ec912","seller_name":"DocMorris Apotheke","seller_postal_code":"6422","has_same_day_delivery":false},"variant_count":5,"has_stock":true,"category_hierarchy":{"lv3":["Arzneimittel \u0026 Gesundheit \u003e Muskeln, Knochen, Gelenke \u003e Stauchung, Prellung \u0026 Zerrung \u003e Cremes \u0026 Gele","Arzneimittel \u0026 Gesundheit \u003e Schmerzmittel \u003e Schmerzmittel nach Wirkstoff \u003e Diclofenac"],"lv2":["Arzneimittel \u0026 Gesundheit \u003e Muskeln, Knochen, Gelenke \u003e Stauchung, Prellung \u0026 Zerrung","Arzneimittel \u0026 Gesundheit \u003e Schmerzmittel \u003e Rückenschmerzen","Arzneimittel \u0026 Gesundheit \u003e Muskeln, Knochen, Gelenke \u003e Arthrose \u0026 Arthritis","Arzneimittel \u0026 Gesundheit \u003e Schmerzmittel \u003e Schmerzmittel nach Wirkstoff"],"lv1":["Arzneimittel \u0026 Gesundheit \u003e Muskeln, Knochen, Gelenke","Arzneimittel \u0026 Gesundheit \u003e Schmerzmittel"],"lv0":["Arzneimittel \u0026 Gesundheit"]},"rating":{"average_overall":4.71,"total_reviews":2003},"categories_belongs_to":[{"readable_id":"LNVK6T6Z","name":"Cremes \u0026 Gele"},{"readable_id":"PNC4LW00","name":"Stauchung, Prellung \u0026 Zerrung"},{"readable_id":"JZXT93TZ","name":"Muskeln, Knochen, Gelenke"},{"readable_id":"XVH4PLGY","name":"Arzneimittel \u0026 Gesundheit"},{"readable_id":"6WCJ6V2X","name":"Rückenschmerzen"},{"readable_id":"L1WPMT3G","name":"Schmerzmittel"},{"readable_id":"XX2L0XT4","name":"Arthrose \u0026 Arthritis"},{"readable_id":"60KT833P","name":"Diclofenac"},{"readable_id":"Y01V1ZJZ","name":"Schmerzmittel nach Wirkstoff"}],"sub_headline":"Schmerzlinderung bei akuten Rücken- und Gelenkschmerzen für bis zu 12 Stunden","objectID":"FX5U2BBF_6fee4fe5-caf4-485d-9e1a-a3a5808ec912","_highlightResult":{"lazy_id":{"value":"11240397","matchLevel":"none","matchedWords":[]},"readable_id":{"value":"FX5U2BBF","matchLevel":"none","matchedWords":[]},"name":{"value":"Voltaren Schmerzgel forte 23,2 mg/g 180 g","matchLevel":"none","matchedWords":[]},"manufacturer":{"name":{"value":"Haleon Germany GmbH","matchLevel":"none","matchedWords":[]}},"keywords":[{"value":"Knieschmerzen Schmerzgel","matchLevel":"none","matchedWords":[]},{"value":"Schmerzgel","matchLevel":"none","matchedWords":[]},{"value":"Schmerzgel stark","matchLevel":"none","matchedWords":[]},{"value":"Schmerzgel Knie","matchLevel":"none","matchedWords":[]},{"value":"Schmerzgel entzündungshemmend","matchLevel":"none","matchedWords":[]},{"value":"Kniearthrose Schmerzgel","matchLevel":"none","matchedWords":[]},{"value":"Diclofenac Schmerzgel","matchLevel":"none","matchedWords":[]},{"value":"Diclofenac Gel PZN 08628265","matchLevel":"none","matchedWords":[]},{"value":"Diclofenac Gel PZN 08628266","matchLevel":"none","matchedWords":[]},{"value":"Diclofenac Gel","matchLevel":"none","matchedWords":[]},{"value":"voltaren","matchLevel":"none","matchedWords":[]},{"value":"entzündungshemmend salbe voltaren","matchLevel":"none","matchedWords":[]},{"value":"voltaren forte salbe","matchLevel":"none","matchedWords":[]},{"value":"voltaren mit applikator","matchLevel":"none","matchedWords":[]},{"value":"voltaren mit komfort applikator","matchLevel":"none","matchedWords":[]},{"value":"voltaren forte gel","matchLevel":"none","matchedWords":[]},{"value":"voltaren aplikator","matchLevel":"none","matchedWords":[]},{"value":"schmerzgel voltaren","matchLevel":"none","matchedWords":[]},{"value":"voltaren diclofenac","matchLevel":"none","matchedWords":[]},{"value":"voltaren emulgel","matchLevel":"none","matchedWords":[]},{"value":"voltaren komfort","matchLevel":"none","matchedWords":[]},{"value":"arzneimittel voltaren","matchLevel":"none","matchedWords":[]},{"value":"voltaren komfort","matchLevel":"none","matchedWords":[]},{"value":"voltaren forte gel","matchLevel":"none","matchedWords":[]},{"value":"voltaren forte salbe","matchLevel":"none","matchedWords":[]},{"value":"voltaren aplikator","matchLevel":"none","matchedWords":[]},{"value":"voltaren mit applikator","matchLevel":"none","matchedWords":[]},{"value":"arzneimittel voltaren","matchLevel":"none","matchedWords":[]},{"value":"voltaren emulgel","matchLevel":"none","matchedWords":[]},{"value":"entzündungshemmend salbe voltaren","matchLevel":"none","matchedWords":[]},{"value":"voltaren diclofenac","matchLevel":"none","matchedWords":[]},{"value":"voltaren mit komfort applikator","matchLevel":"none","matchedWords":[]},{"value":"schmerzgel voltaren","matchLevel":"none","matchedWords":[]},{"value":"entzündungshemmend salbe voltaren","matchLevel":"none","matchedWords":[]},{"value":"Diclofenac","matchLevel":"none","matchedWords":[]},{"value":"Voltaren Gel","matchLevel":"none","matchedWords":[]}],"brand":{"name":{"value":"Voltaren","matchLevel":"none","matchedWords":[]},"readable_id":{"value":"MMZYZW15","matchLevel":"none","matchedWords":[]}},"pzn_trimmed_zeros":{"value":"11240397","matchLevel":"none","matchedWords":[]}},"_rankingInfo":{"nbTypos":0,"firstMatchedWord":0,"proximityDistance":0,"userScore":91,"geoDistance":0,"geoPrecision":1,"nbExactWords":0,"words":0,"filters":2}},{"product_id":"785fa5b0-1c32-4d90-b325-ad9757f67da0","lazy_id":"04114918","product_group_id":"86e665f9-fbcc-45c1-9a8a-ccdb03f0dff9","readable_id":"FX5ZNJV7","ean":null,"slug":"aspirin-complex-granulat","name":"Aspirin Complex Granulat 20 St","medias_v2":[{"resource":"/static/produkte/FX5ZNJV7/docmorris/aspirin-complex-granulat-20-st-04114918-0-1751313639227119.jpg","position":0,"base_url":"https://statics.docmorris.de"}],"pricing":{"price":10.65,"base_price":"0.53 €/St","recommended_price":18.98,"show_recommended_price":true,"savings_percentage":44,"prescription_types_prices":[{"price":0,"type":"payment_exempt"},{"price":10.65,"type":"private"},{"price":5,"type":"public"}]},"sales_type":"otx","pharmaceutical_properties":{"drug":true,"veterinary_medicament":false,"free_public_prescription":true,"pharmaceutical_form":"Granulat zur Herstellung einer Suspension zum Einnehmen","atc_code":"R05XA22","cold_chain":false,"active_ingredients":[],"import_reimport":false,"is_cbd":false},"manufacturer":{"manufacturer_id":"2956063d-8121-4ffe-87db-85f694e26bfb","name":"Bayer Vital GmbH Geschäftsbereich Selbstmedikation"},"attributes":{"eigenschaften":["ohne Konservierungsstoffe","vegan","duftstofffrei","alkoholfrei","frei von Soja","laktosefrei","glutenfrei"],"alter_2":["Jahre"],"alter_1":["16"],"packaging_size":"20 St"},"brand":{"name":"Aspirin","readable_id":"RN0GP91X"},"seller":{"seller_id":"6fee4fe5-caf4-485d-9e1a-a3a5808ec912","seller_name":"DocMorris Apotheke","seller_postal_code":"6422","has_same_day_delivery":false},"variant_count":2,"has_stock":true,"category_hierarchy":{"lv0":["Arzneimittel \u0026 Gesundheit"],"lv1":["Arzneimittel \u0026 Gesundheit \u003e Schmerzmittel","Arzneimittel \u0026 Gesundheit \u003e Erkältung \u0026 Grippe"],"lv3":["Arzneimittel \u0026 Gesundheit \u003e Schmerzmittel \u003e Schmerzmittel nach Wirkstoff \u003e ASS","Arzneimittel \u0026 Gesundheit \u003e Erkältung \u0026 Grippe \u003e Schnupfen \u0026 Nasennebenhöhlenentzündung \u003e Schleimlöser"],"lv2":["Arzneimittel \u0026 Gesundheit \u003e Schmerzmittel \u003e Schmerzmittel nach Wirkstoff","Arzneimittel \u0026 Gesundheit \u003e Erkältung \u0026 Grippe \u003e Schnupfen \u0026 Nasennebenhöhlenentzündung","Arzneimittel \u0026 Gesundheit \u003e Erkältung \u0026 Grippe \u003e Husten \u0026 Bronchitis","Arzneimittel \u0026 Gesundheit \u003e Schmerzmittel \u003e Rückenschmerzen","Arzneimittel \u0026 Gesundheit \u003e Schmerzmittel \u003e Regelschmerzen","Arzneimittel \u0026 Gesundheit \u003e Erkältung \u0026 Grippe \u003e Grippaler Infekt","Arzneimittel \u0026 Gesundheit \u003e Schmerzmittel \u003e Kopfschmerzen \u0026 Migräne"]},"rating":{"average_overall":4.74,"total_reviews":1243},"categories_belongs_to":[{"readable_id":"XVH4PLGY","name":"Arzneimittel \u0026 Gesundheit"},{"readable_id":"L1WPMT3G","name":"Schmerzmittel"},{"readable_id":"PY9GWZ6M","name":"Erkältung \u0026 Grippe"},{"readable_id":"CPHMVC40","name":"ASS"},{"readable_id":"Y01V1ZJZ","name":"Schmerzmittel nach Wirkstoff"},{"readable_id":"JRNKXGFK","name":"Schnupfen \u0026 Nasennebenhöhlenentzündung"},{"readable_id":"V9M3L4Z7","name":"Husten \u0026 Bronchitis"},{"readable_id":"6WCJ6V2X","name":"Rückenschmerzen"},{"readable_id":"2Z3TGC5C","name":"Schleimlöser"},{"readable_id":"H9J54TM7","name":"Regelschmerzen"},{"readable_id":"W4GC7VL4","name":"Grippaler Infekt"},{"readable_id":"TKJHPYYR","name":"Kopfschmerzen \u0026 Migräne"}],"sub_headline":"Lindert Erkältungsschmerzen und Schnupfen schnell und unkompliziert","objectID":"FX5ZNJV7_6fee4fe5-caf4-485d-9e1a-a3a5808ec912","_highlightResult":{"lazy_id":{"value":"04114918","matchLevel":"none","matchedWords":[]},"readable_id":{"value":"FX5ZNJV7","matchLevel":"none","matchedWords":[]},"name":{"value":"Aspirin Complex Granulat 20 St","matchLevel":"none","matchedWords":[]},"manufacturer":{"name":{"value":"Bayer Vital GmbH Geschäftsbereich Selbstmedikation","matchLevel":"none","matchedWords":[]}},"keywords":[{"value":"erkältung","matchLevel":"none","matchedWords":[]},{"value":"grippe","matchLevel":"none","matchedWords":[]},{"value":"schnupfen","matchLevel":"none","matchedWords":[]},{"value":"gliederschmerzen","matchLevel":"none","matchedWords":[]},{"value":"halsschmerzen","matchLevel":"none","matchedWords":[]},{"value":"grippaler infekt","matchLevel":"none","matchedWords":[]},{"value":"nasennebenhöhlenentzündung","matchLevel":"none","matchedWords":[]},{"value":"fieber","matchLevel":"none","matchedWords":[]},{"value":"schluckbeschwerden","matchLevel":"none","matchedWords":[]},{"value":"sommergrippe","matchLevel":"none","matchedWords":[]},{"value":"rachenentzündung","matchLevel":"none","matchedWords":[]},{"value":"nasennebenhöhlen","matchLevel":"none","matchedWords":[]},{"value":"starke halsschmerzen","matchLevel":"none","matchedWords":[]},{"value":"gegen erkältung","matchLevel":"none","matchedWords":[]},{"value":"verstopfte nase","matchLevel":"none","matchedWords":[]}],"brand":{"name":{"value":"Aspirin","matchLevel":"none","matchedWords":[]},"readable_id":{"value":"RN0GP91X","matchLevel":"none","matchedWords":[]}},"pzn_trimmed_zeros":{"value":"4114918","matchLevel":"none","matchedWords":[]}},"_rankingInfo":{"nbTypos":0,"firstMatchedWord":0,"proximityDistance":0,"userScore":90,"geoDistance":0,"geoPrecision":1,"nbExactWords":0,"words":0,"filters":2}},{"product_id":"c890089f-3dfe-4d61-bea1-f3637ea68e9b","lazy_id":"06312077","product_group_id":"53e874bc-a598-4a74-aaa6-6e08766600f0","readable_id":"FX58U253","ean":null,"slug":"ass-1001-a-pharma-tah-tabletten","name":"ASS 100-1 A Pharma TAH Tabletten 100 St","medias_v2":[{"resource":"/static/produkte/FX58U253/docmorris/ass-100-1-a-pharma-tah-tabletten-100-st-06312077-0-1765396821439280.jpg","position":0,"base_url":"https://statics.docmorris.de"}],"pricing":{"price":1.49,"base_price":"0.01 €/St","recommended_price":2.8,"show_recommended_price":true,"savings_percentage":47,"prescription_types_prices":[{"price":0,"type":"payment_exempt"},{"price":1.49,"type":"private"},{"price":2.8,"type":"public"}]},"sales_type":"otx","pharmaceutical_properties":{"drug":true,"veterinary_medicament":false,"free_public_prescription":true,"pharmaceutical_form":"Tabletten","atc_code":"B01AC06","cold_chain":false,"active_ingredients":["Acetylsalicylsäure"],"import_reimport":false,"is_cbd":false},"manufacturer":{"manufacturer_id":"37e0eb61-10e2-4d28-a498-90b4da103e0c","name":"1A Pharma GmbH"},"attributes":{"packaging_size":"100 St"},"brand":{"name":"1 A Pharma","readable_id":"LVFCLMT8"},"seller":{"seller_id":"6fee4fe5-caf4-485d-9e1a-a3a5808ec912","seller_name":"DocMorris Apotheke","seller_postal_code":"6422","has_same_day_delivery":false},"variant_count":2,"has_stock":true,"category_hierarchy":{"lv3":["Arzneimittel \u0026 Gesundheit \u003e Herz, Kreislauf \u0026 Gedächtnis \u003e Herz \u003e Blutverdünnung"],"lv2":["Arzneimittel \u0026 Gesundheit \u003e Herz, Kreislauf \u0026 Gedächtnis \u003e Herz"],"lv1":["Arzneimittel \u0026 Gesundheit \u003e Herz, Kreislauf \u0026 Gedächtnis"],"lv0":["Arzneimittel \u0026 Gesundheit"]},"rating":{"average_overall":4.76,"total_reviews":735},"categories_belongs_to":[{"readable_id":"JYJTC3CP","name":"Blutverdünnung"},{"readable_id":"XNK48HJF","name":"Herz"},{"readable_id":"Y5JPMKZK","name":"Herz, Kreislauf \u0026 Gedächtnis"},{"readable_id":"XVH4PLGY","name":"Arzneimittel \u0026 Gesundheit"}],"sub_headline":"Zur Verringerung des Zusammenhaftens der Blutplättchen","objectID":"FX58U253_6fee4fe5-caf4-485d-9e1a-a3a5808ec912","_highlightResult":{"lazy_id":{"value":"06312077","matchLevel":"none","matchedWords":[]},"readable_id":{"value":"FX58U253","matchLevel":"none","matchedWords":[]},"name":{"value":"ASS 100-1 A Pharma TAH Tabletten 100 St","matchLevel":"none","matchedWords":[]},"pharmaceutical_properties":{"active_ingredients":[{"value":"Acetylsalicylsäure","matchLevel":"none","matchedWords":[]}]},"manufacturer":{"name":{"value":"1A Pharma GmbH","matchLevel":"none","matchedWords":[]}},"keywords":[{"value":"ass","matchLevel":"none","matchedWords":[]},{"value":"thrombozyten","matchLevel":"none","matchedWords":[]},{"value":"blutgerinnung","matchLevel":"none","matchedWords":[]},{"value":"herz","matchLevel":"none","matchedWords":[]},{"value":"blutgerinsel","matchLevel":"none","matchedWords":[]},{"value":"schlaganfall","matchLevel":"none","matchedWords":[]},{"value":"acetylsalicylsäure","matchLevel":"none","matchedWords":[]},{"value":"herz kreislauf","matchLevel":"none","matchedWords":[]},{"value":"tah","matchLevel":"none","matchedWords":[]},{"value":"herzschmerzen","matchLevel":"none","matchedWords":[]},{"value":"trombozytenaggregationshemmer","matchLevel":"none","matchedWords":[]}],"brand":{"name":{"value":"1 A Pharma","matchLevel":"none","matchedWords":[]},"readable_id":{"value":"LVFCLMT8","matchLevel":"none","matchedWords":[]}},"pzn_trimmed_zeros":{"value":"6312077","matchLevel":"none","matchedWords":[]}},"_rankingInfo":{"nbTypos":0,"firstMatchedWord":0,"proximityDistance":0,"userScore":89,"geoDistance":0,"geoPrecision":1,"nbExactWords":0,"words":0,"filters":2}},{"product_id":"a0eda1ca-9ab7-4597-8e59-214c0f009fd4","lazy_id":"01578818","product_group_id":"2189e8c4-5ef8-4742-8851-1a287a82ad52","readable_id":"FX5JKDBT","ean":null,"slug":"bepanthen-wund-und-heilsalbe","name":"Bepanthen Wund- und Heilsalbe 50 g","medias_v2":[{"resource":"/static/produkte/FX5JKDBT/docmorris/bepanthen-wund-und-heilsalbe-50-g-01578818-0-1713969353015936.jpeg","position":0,"base_url":"https://statics.docmorris.de"}],"pricing":{"price":9.29,"base_price":"185.80 €/kg","recommended_price":12.89,"show_recommended_price":true,"savings_percentage":28,"prescription_types_prices":[{"price":7.89,"type":"payment_exempt"},{"price":9.29,"type":"private"},{"price":12.89,"type":"public"}]},"sales_type":"otx","pharmaceutical_properties":{"drug":true,"veterinary_medicament":false,"free_public_prescription":true,"pharmaceutical_form":"Salbe","atc_code":"D03AX03","cold_chain":false,"active_ingredients":["Dexpanthenol"],"import_reimport":false,"is_cbd":false},"manufacturer":{"manufacturer_id":"2956063d-8121-4ffe-87db-85f694e26bfb","name":"Bayer Vital GmbH Geschäftsbereich Selbstmedikation"},"attributes":{"eigenschaften":["ohne Konservierungsstoffe","duftstofffrei","alkoholfrei","frei von Soja","laktosefrei","glutenfrei"],"geeignet_fuer":["Schwangere","Stillzeit"],"packaging_size":"50 g"},"brand":{"name":"Bepanthen","readable_id":"CZGC2XGC"},"seller":{"seller_id":"6fee4fe5-caf4-485d-9e1a-a3a5808ec912","seller_name":"DocMorris Apotheke","seller_postal_code":"6422","has_same_day_delivery":false},"variant_count":6,"has_stock":true,"category_hierarchy":{"lv0":["Arzneimittel \u0026 Gesundheit","Kinder \u0026 Familie","Sanitätshaus"],"lv2":["Kinder \u0026 Familie \u003e Baby \u0026 Kind \u003e Wundversorgung \u0026 -heilung","Arzneimittel \u0026 Gesundheit \u003e Haut, Haare \u0026 Nägel \u003e Wundheilung","Arzneimittel \u0026 Gesundheit \u003e Haus- \u0026 Reiseapotheke \u003e Reiseapotheke"],"lv1":["Kinder \u0026 Familie \u003e Baby \u0026 Kind","Arzneimittel \u0026 Gesundheit \u003e Haut, Haare \u0026 Nägel","Arzneimittel \u0026 Gesundheit \u003e Haus- \u0026 Reiseapotheke"],"lv3":["Arzneimittel \u0026 Gesundheit \u003e Haut, Haare \u0026 Nägel \u003e Wundheilung \u003e Wund- \u0026 Heilsalben","Arzneimittel \u0026 Gesundheit \u003e Haus- \u0026 Reiseapotheke \u003e Reiseapotheke \u003e Nützliche Reisebegleiter"]},"rating":{"average_overall":4.85,"total_reviews":3544},"categories_belongs_to":[{"readable_id":"XVH4PLGY","name":"Arzneimittel \u0026 Gesundheit"},{"readable_id":"V3FWT769","name":"Wundversorgung \u0026 -heilung"},{"readable_id":"74TVZRY4","name":"Baby \u0026 Kind"},{"readable_id":"Z193X952","name":"Kinder \u0026 Familie"},{"readable_id":"8GLWX605","name":"Wundheilung"},{"readable_id":"TJ17R1WH","name":"Haut, Haare \u0026 Nägel"},{"readable_id":"C4X41GMR","name":"Haus- \u0026 Reiseapotheke"},{"readable_id":"882X66NX","name":"Wund- \u0026 Heilsalben"},{"readable_id":"R7ZK5VHW","name":"Reiseapotheke"},{"readable_id":"NZ6GGZ3Y","name":"Nützliche Reisebegleiter"},{"readable_id":"7K2C92WR","name":"Sanitätshaus"}],"sub_headline":"Fördert Wundheilung, ohne Konservierungsstoffe, auch für Säuglinge geeignet","objectID":"FX5JKDBT_6fee4fe5-caf4-485d-9e1a-a3a5808ec912","_highlightResult":{"lazy_id":{"value":"01578818","matchLevel":"none","matchedWords":[]},"readable_id":{"value":"FX5JKDBT","matchLevel":"none","matchedWords":[]},"name":{"value":"Bepanthen Wund- und Heilsalbe 50 g","matchLevel":"none","matchedWords":[]},"pharmaceutical_properties":{"active_ingredients":[{"value":"Dexpanthenol","matchLevel":"none","matchedWords":[]}]},"manufacturer":{"name":{"value":"Bayer Vital GmbH Geschäftsbereich Selbstmedikation","matchLevel":"none","matchedWords":[]}},"keywords":[{"value":"blasen","matchLevel":"none","matchedWords":[]},{"value":"trockene haut","matchLevel":"none","matchedWords":[]},{"value":"wundheilung","matchLevel":"none","matchedWords":[]},{"value":"narben","matchLevel":"none","matchedWords":[]},{"value":"narbenpflege","matchLevel":"none","matchedWords":[]},{"value":"schürfwunde","matchLevel":"none","matchedWords":[]},{"value":"narbe","matchLevel":"none","matchedWords":[]},{"value":"schrunden","matchLevel":"none","matchedWords":[]},{"value":"wundheilungsphasen","matchLevel":"none","matchedWords":[]},{"value":"wund","matchLevel":"none","matchedWords":[]},{"value":"narbenbildung","matchLevel":"none","matchedWords":[]},{"value":"wundsalbe","matchLevel":"none","matchedWords":[]},{"value":"platzwunde","matchLevel":"none","matchedWords":[]},{"value":"wunden","matchLevel":"none","matchedWords":[]},{"value":"schuppige haut","matchLevel":"none","matchedWords":[]}],"brand":{"name":{"value":"Bepanthen","matchLevel":"none","matchedWords":[]},"readable_id":{"value":"CZGC2XGC","matchLevel":"none","matchedWords":[]}},"pzn_trimmed_zeros":{"value":"1578818","matchLevel":"none","matchedWords":[]}},"_rankingInfo":{"nbTypos":0,"firstMatchedWord":0,"proximityDistance":0,"userScore":88,"geoDistance":0,"geoPrecision":1,"nbExactWords":0,"words":0,"filters":2}},{"product_id":"01567817-ceea-47e1-8c00-a8a176a51685","lazy_id":"03929274","product_group_id":"01567817-ceea-47e1-8c00-a8a176a51685","readable_id":"FX5ZLVI1","ean":null,"slug":"nasenspray-al-01","name":"Nasenspray AL 0,1% 10 ml","medias_v2":[{"resource":"/static/produkte/FX5ZLVI1/docmorris/nasenspray-al-0-1-10-ml-03929274-0-1756843238691033.jpg","position":0,"base_url":"https://statics.docmorris.de"}],"pricing":{"price":2.99,"base_price":"299.00 €/l","recommended_price":4.97,"show_recommended_price":true,"savings_percentage":40,"prescription_types_prices":[{"price":1.77,"type":"payment_exempt"},{"price":2.99,"type":"private"},{"price":4.97,"type":"public"}]},"sales_type":"otx","pharmaceutical_properties":{"drug":true,"veterinary_medicament":false,"free_public_prescription":true,"pharmaceutical_form":"Lösung","atc_code":"R01AA07","cold_chain":false,"active_ingredients":[],"import_reimport":false,"is_cbd":false},"manufacturer":{"manufacturer_id":"cfd39936-1931-4097-9348-111e45ef1b8d","name":"ALIUD Pharma GmbH"},"attributes":{"alter_1":["6"],"eigenschaften":["duftstofffrei","zuckerfrei","frei von Soja","parabenfrei","laktosefrei","glutenfrei"],"alter_2":["Jahre"],"packaging_size":"10 ml"},"brand":{"name":"Aliud Pharma","readable_id":"VPZNK396"},"seller":{"seller_id":"6fee4fe5-caf4-485d-9e1a-a3a5808ec912","seller_name":"DocMorris Apotheke","seller_postal_code":"6422","has_same_day_delivery":false},"variant_count":2,"has_stock":true,"category_hierarchy":{"lv3":["Arzneimittel \u0026 Gesundheit \u003e Erkältung \u0026 Grippe \u003e Schnupfen \u0026 Nasennebenhöhlenentzündung \u003e Nasensprays"],"lv2":["Arzneimittel \u0026 Gesundheit \u003e Erkältung \u0026 Grippe \u003e Schnupfen \u0026 Nasennebenhöhlenentzündung","Kinder \u0026 Familie \u003e Baby \u0026 Kind \u003e Schnupfen"],"lv1":["Arzneimittel \u0026 Gesundheit \u003e Erkältung \u0026 Grippe","Kinder \u0026 Familie \u003e Baby \u0026 Kind"],"lv0":["Arzneimittel \u0026 Gesundheit","Kinder \u0026 Familie"]},"rating":{"average_overall":4.77,"total_reviews":592},"categories_belongs_to":[{"readable_id":"GPF2JTG4","name":"Nasensprays"},{"readable_id":"JRNKXGFK","name":"Schnupfen \u0026 Nasennebenhöhlenentzündung"},{"readable_id":"PY9GWZ6M","name":"Erkältung \u0026 Grippe"},{"readable_id":"XVH4PLGY","name":"Arzneimittel \u0026 Gesundheit"},{"readable_id":"YMC66T33","name":"Schnupfen"},{"readable_id":"74TVZRY4","name":"Baby \u0026 Kind"},{"readable_id":"Z193X952","name":"Kinder \u0026 Familie"}],"sub_headline":"Befreit verstopfte Nase und erleichtert Schleimabfluss","objectID":"FX5ZLVI1_6fee4fe5-caf4-485d-9e1a-a3a5808ec912","_highlightResult":{"lazy_id":{"value":"03929274","matchLevel":"none","matchedWords":[]},"readable_id":{"value":"FX5ZLVI1","matchLevel":"none","matchedWords":[]},"name":{"value":"Nasenspray AL 0,1% 10 ml","matchLevel":"none","matchedWords":[]},"manufacturer":{"name":{"value":"ALIUD Pharma GmbH","matchLevel":"none","matchedWords":[]}},"keywords":[{"value":"heuschnupfenmittel","matchLevel":"none","matchedWords":[]},{"value":"heuschnupfenspray","matchLevel":"none","matchedWords":[]},{"value":"nasenspray allergie","matchLevel":"none","matchedWords":[]},{"value":"urlaub","matchLevel":"none","matchedWords":[]},{"value":"allergiemittel","matchLevel":"none","matchedWords":[]},{"value":"verstopften nasen","matchLevel":"none","matchedWords":[]},{"value":"erkältungsbeschwerden","matchLevel":"none","matchedWords":[]},{"value":"trockene nasenschleimhaut","matchLevel":"none","matchedWords":[]},{"value":"befeuchtung der nasenschleimhaut","matchLevel":"none","matchedWords":[]},{"value":"nasenhöhle","matchLevel":"none","matchedWords":[]}],"brand":{"name":{"value":"Aliud Pharma","matchLevel":"none","matchedWords":[]},"readable_id":{"value":"VPZNK396","matchLevel":"none","matchedWords":[]}},"pzn_trimmed_zeros":{"value":"3929274","matchLevel":"none","matchedWords":[]}},"_rankingInfo":{"nbTypos":0,"firstMatchedWord":0,"proximityDistance":0,"userScore":87,"geoDistance":0,"geoPrecision":1,"nbExactWords":0,"words":0,"filters":2}},{"product_id":"f19daf96-af41-4a93-b0e0-c8802b3412ec","lazy_id":"16507534","product_group_id":"f19daf96-af41-4a93-b0e0-c8802b3412ec","readable_id":"LGGX4C9U","ean":null,"slug":"iberogast-classic-fluessigkeit","name":"Iberogast Classic Flüssigkeit 20 ml","medias_v2":[{"resource":"/static/produkte/LGGX4C9U/docmorris/iberogast-classic-fluessigkeit-20-ml-16507534-0-1755547274773159.jpg","position":0,"base_url":"https://statics.docmorris.de"}],"pricing":{"price":10.99,"base_price":"549.50 €/l","recommended_price":13.99,"show_recommended_price":true,"savings_percentage":21,"prescription_types_prices":[{"price":0,"type":"payment_exempt"},{"price":10.99,"type":"private"},{"price":5,"type":"public"}]},"sales_type":"otx","pharmaceutical_properties":{"drug":true,"veterinary_medicament":false,"free_public_prescription":true,"pharmaceutical_form":"Flüssigkeit zum Einnehmen","atc_code":"A03FP30","cold_chain":false,"active_ingredients":[],"import_reimport":false,"is_cbd":false},"manufacturer":{"manufacturer_id":"2956063d-8121-4ffe-87db-85f694e26bfb","name":"Bayer Vital GmbH Geschäftsbereich Selbstmedikation"},"attributes":{"eigenschaften":["ohne Konservierungsstoffe","duftstofffrei","zuckerfrei","frei von Soja","pflanzlich","laktosefrei","glutenfrei"],"alter_2":["Jahre"],"alter_1":["3"],"packaging_size":"20 ml"},"brand":{"name":"Iberogast","readable_id":"1VRNZNFV"},"seller":{"seller_id":"6fee4fe5-caf4-485d-9e1a-a3a5808ec912","seller_name":"DocMorris Apotheke","seller_postal_code":"6422","has_same_day_delivery":false},"variant_count":5,"has_stock":true,"category_hierarchy":{"lv2":["Arzneimittel \u0026 Gesundheit \u003e Magen, Darm \u0026 Verdauung \u003e Übelkeit","Arzneimittel \u0026 Gesundheit \u003e Homöopathie \u0026 Natur \u003e Pflanzen- \u0026 Naturtherapie","Arzneimittel \u0026 Gesundheit \u003e Magen, Darm \u0026 Verdauung \u003e Sodbrennen und Übersäuerung","Arzneimittel \u0026 Gesundheit \u003e Magen, Darm \u0026 Verdauung \u003e Verstopfung und Darmträgheit","Arzneimittel \u0026 Gesundheit \u003e Magen, Darm \u0026 Verdauung \u003e Blähungen","Arzneimittel \u0026 Gesundheit \u003e Magen, Darm \u0026 Verdauung \u003e Leber \u0026 Galle"],"lv1":["Arzneimittel \u0026 Gesundheit \u003e Magen, Darm \u0026 Verdauung","Arzneimittel \u0026 Gesundheit \u003e Homöopathie \u0026 Natur"],"lv0":["Arzneimittel \u0026 Gesundheit"],"lv3":["Arzneimittel \u0026 Gesundheit \u003e Homöopathie \u0026 Natur \u003e Pflanzen- \u0026 Naturtherapie \u003e Magen \u0026 Darm"]},"rating":{"average_overall":4.73,"total_reviews":1077},"categories_belongs_to":[{"readable_id":"C7GPGT4L","name":"Übelkeit"},{"readable_id":"4N90X2N4","name":"Magen, Darm \u0026 Verdauung"},{"readable_id":"XVH4PLGY","name":"Arzneimittel \u0026 Gesundheit"},{"readable_id":"GXZW4Z89","name":"Magen \u0026 Darm"},{"readable_id":"0THFHTYR","name":"Pflanzen- \u0026 Naturtherapie"},{"readable_id":"KGR59GKL","name":"Homöopathie \u0026 Natur"},{"readable_id":"JZJV3PWP","name":"Sodbrennen und Übersäuerung"},{"readable_id":"12VLTT0Z","name":"Verstopfung und Darmträgheit"},{"readable_id":"77CXG5CN","name":"Blähungen"},{"readable_id":"9YH1KY29","name":"Leber \u0026 Galle"}],"sub_headline":"Bekämpft Magen-Darm-Beschwerden mit 9 pflanzlichen Heilpflanzenextrakten","objectID":"LGGX4C9U_6fee4fe5-caf4-485d-9e1a-a3a5808ec912","_highlightResult":{"lazy_id":{"value":"16507534","matchLevel":"none","matchedWords":[]},"readable_id":{"value":"LGGX4C9U","matchLevel":"none","matchedWords":[]},"name":{"value":"Iberogast Classic Flüssigkeit 20 ml","matchLevel":"none","matchedWords":[]},"manufacturer":{"name":{"value":"Bayer Vital GmbH Geschäftsbereich Selbstmedikation","matchLevel":"none","matchedWords":[]}},"keywords":[{"value":"magenschmerzen","matchLevel":"none","matchedWords":[]},{"value":"magen darm","matchLevel":"none","matchedWords":[]},{"value":"magendarm","matchLevel":"none","matchedWords":[]},{"value":"magen-darm","matchLevel":"none","matchedWords":[]},{"value":"reizdarm","matchLevel":"none","matchedWords":[]},{"value":"reizmagen","matchLevel":"none","matchedWords":[]},{"value":"blähungen","matchLevel":"none","matchedWords":[]},{"value":"bauchschmerzen","matchLevel":"none","matchedWords":[]},{"value":"verdauung","matchLevel":"none","matchedWords":[]},{"value":"übelkeit","matchLevel":"none","matchedWords":[]},{"value":"magen","matchLevel":"none","matchedWords":[]},{"value":"magenkrämpfe","matchLevel":"none","matchedWords":[]},{"value":"sodbrennen","matchLevel":"none","matchedWords":[]},{"value":"oberbauchschmerzen","matchLevel":"none","matchedWords":[]},{"value":"magen darm beschwerden","matchLevel":"none","matchedWords":[]},{"value":"bauchkrämpfe","matchLevel":"none","matchedWords":[]},{"value":"reizdarmsyndrom","matchLevel":"none","matchedWords":[]},{"value":"luft im bauch","matchLevel":"none","matchedWords":[]},{"value":"völlegefühl","matchLevel":"none","matchedWords":[]},{"value":"verdauung anregen","matchLevel":"none","matchedWords":[]},{"value":"magensäure","matchLevel":"none","matchedWords":[]},{"value":"magentropfen","matchLevel":"none","matchedWords":[]},{"value":"magen darm grippe","matchLevel":"none","matchedWords":[]},{"value":"magenschleimhautentzündung","matchLevel":"none","matchedWords":[]},{"value":"flatulenz","matchLevel":"none","matchedWords":[]},{"value":"magenverstimmung","matchLevel":"none","matchedWords":[]},{"value":"darmkrämpfe","matchLevel":"none","matchedWords":[]},{"value":"bauchschmerzen unterbauch","matchLevel":"none","matchedWords":[]},{"value":"erbrechen","matchLevel":"none","matchedWords":[]},{"value":"starke bauchschmerzen","matchLevel":"none","matchedWords":[]},{"value":"nervöser magen","matchLevel":"none","matchedWords":[]},{"value":"bauchschmerzen und übelkeit","matchLevel":"none","matchedWords":[]},{"value":"durchfall","matchLevel":"none","matchedWords":[]},{"value":"sodbrennen","matchLevel":"none","matchedWords":[]},{"value":"Abführmittel","matchLevel":"none","matchedWords":[]},{"value":"verstopfung","matchLevel":"none","matchedWords":[]},{"value":"reiseapotheke","matchLevel":"none","matchedWords":[]},{"value":"Darmflora","matchLevel":"none","matchedWords":[]}],"brand":{"name":{"value":"Iberogast","matchLevel":"none","matchedWords":[]},"readable_id":{"value":"1VRNZNFV","matchLevel":"none","matchedWords":[]}},"pzn_trimmed_zeros":{"value":"16507534","matchLevel":"none","matchedWords":[]}},"_rankingInfo":{"nbTypos":0,"firstMatchedWord":0,"proximityDistance":0,"userScore":86,"geoDistance":0,"geoPrecision":1,"nbExactWords":0,"words":0,"filters":2}},{"product_id":"3b643670-9e33-4572-a3e1-5a31cc350fa9","lazy_id":"02837759","product_group_id":"1f387929-2a5e-4b5f-afff-231419e298d1","readable_id":"FX5QYBJ8","ean":"4250297404531","slug":"ketozolin-2-shampoo","name":"Ketozolin 2% Shampoo 120 ml","medias_v2":[{"resource":"/static/produkte/FX5QYBJ8/docmorris/ketozolin-2-shampoo-120-ml-02837759-0-1763711653558463.jpg","position":0,"base_url":"https://statics.docmorris.de"}],"pricing":{"price":14.89,"base_price":"124.08 €/l","recommended_price":19.9,"show_recommended_price":true,"savings_percentage":25,"prescription_types_prices":[{"price":0,"type":"payment_exempt"},{"price":14.89,"type":"private"},{"price":5,"type":"public"}]},"sales_type":"otx","pharmaceutical_properties":{"drug":true,"veterinary_medicament":false,"free_public_prescription":true,"pharmaceutical_form":"Shampoo","atc_code":"D01AC08","cold_chain":false,"active_ingredients":["Ketoconazol"],"import_reimport":false,"is_cbd":false},"manufacturer":{"manufacturer_id":"fbe6882d-e91d-41bd-9a4d-868a64863e00","name":"Dermapharm AG Arzneimittel"},"attributes":{"alter_1":["12"],"eigenschaften":["ohne Konservierungsstoffe","duftstofffrei","zuckerfrei","alkoholfrei","frei von Soja","silikonfrei","frei von Nüssen","laktosefrei","glutenfrei","ohne Aluminiumsalze","acetonfrei","ammoniakfrei"],"alter_2":["Jahre"],"geeignet_fuer":["Diabetiker"],"filterfarbe":["Rot"],"packaging_size":"120 ml"},"brand":{"name":"Ketozolin","readable_id":"0Z200N34"},"seller":{"seller_id":"6fee4fe5-caf4-485d-9e1a-a3a5808ec912","seller_name":"DocMorris Apotheke","seller_postal_code":"6422","has_same_day_delivery":false},"variant_count":2,"has_stock":true,"category_hierarchy":{"lv2":["Arzneimittel \u0026 Gesundheit \u003e Haut, Haare \u0026 Nägel \u003e Schuppen \u0026 Schuppenflechte","Beauty \u0026 Pflege \u003e Gesicht \u003e Gesichtspflege für Männer","Beauty \u0026 Pflege \u003e Haare \u003e Nach Haartyp","Arzneimittel \u0026 Gesundheit \u003e Haut, Haare \u0026 Nägel \u003e Pilzerkrankungen"],"lv1":["Arzneimittel \u0026 Gesundheit \u003e Haut, Haare \u0026 Nägel","Beauty \u0026 Pflege \u003e Gesicht","Beauty \u0026 Pflege \u003e Haare"],"lv0":["Arzneimittel \u0026 Gesundheit","Beauty \u0026 Pflege"],"lv3":["Beauty \u0026 Pflege \u003e Gesicht \u003e Gesichtspflege für Männer \u003e Bartpflege","Beauty \u0026 Pflege \u003e Haare \u003e Nach Haartyp \u003e Anti-Schuppen"]},"rating":{"average_overall":4.69,"total_reviews":229},"categories_belongs_to":[{"readable_id":"4XW76945","name":"Schuppen \u0026 Schuppenflechte"},{"readable_id":"TJ17R1WH","name":"Haut, Haare \u0026 Nägel"},{"readable_id":"XVH4PLGY","name":"Arzneimittel \u0026 Gesundheit"},{"readable_id":"DJX3O","name":"Bartpflege"},{"readable_id":"QU9N6","name":"Gesichtspflege für Männer"},{"readable_id":"CLL78LW1","name":"Gesicht"},{"readable_id":"W1V3K6LG","name":"Beauty \u0026 Pflege"},{"readable_id":"0WMLF0KN","name":"Anti-Schuppen"},{"readable_id":"G9TN146F","name":"Nach Haartyp"},{"readable_id":"0LCXH89C","name":"Haare"},{"readable_id":"X0HH2Y5L","name":"Pilzerkrankungen"}],"sub_headline":"Wirkt bei Seborrhoischem Ekzem und Schuppen ab der ersten Anwendung","objectID":"FX5QYBJ8_6fee4fe5-caf4-485d-9e1a-a3a5808ec912","_highlightResult":{"lazy_id":{"value":"02837759","matchLevel":"none","matchedWords":[]},"readable_id":{"value":"FX5QYBJ8","matchLevel":"none","matchedWords":[]},"ean":{"value":"4250297404531","matchLevel":"none","matchedWords":[]},"name":{"value":"Ketozolin 2% Shampoo 120 ml","matchLevel":"none","matchedWords":[]},"pharmaceutical_properties":{"active_ingredients":[{"value":"Ketoconazol","matchLevel":"none","matchedWords":[]}]},"manufacturer":{"name":{"value":"Dermapharm AG Arzneimittel","matchLevel":"none","matchedWords":[]}},"keywords":[{"value":"Schuppen","matchLevel":"none","matchedWords":[]},{"value":"hautpilz","matchLevel":"none","matchedWords":[]},{"value":"seborrhoisches ekzem","matchLevel":"none","matchedWords":[]},{"value":"juckende kopfhaut","matchLevel":"none","matchedWords":[]},{"value":"kleienpilzflechte","matchLevel":"none","matchedWords":[]},{"value":"juckreiz","matchLevel":"none","matchedWords":[]},{"value":"pilzinfektion","matchLevel":"none","matchedWords":[]},{"value":"anti schuppen","matchLevel":"none","matchedWords":[]},{"value":"seborrhoische dermatitis","matchLevel":"none","matchedWords":[]},{"value":"hefepilz haut","matchLevel":"none","matchedWords":[]},{"value":"schuppen","matchLevel":"none","matchedWords":[]},{"value":"hautpilz","matchLevel":"none","matchedWords":[]},{"value":"seborrhoisches ekzem","matchLevel":"none","matchedWords":[]},{"value":"juckende kopfhaut","matchLevel":"none","matchedWords":[]},{"value":"kleienpilzflechte","matchLevel":"none","matchedWords":[]},{"value":"juckreiz","matchLevel":"none","matchedWords":[]},{"value":"ketozolin","matchLevel":"none","matchedWords":[]},{"value":"pilzinfektion","matchLevel":"none","matchedWords":[]},{"value":"terzolin","matchLevel":"none","matchedWords":[]},{"value":"anti schuppen","matchLevel":"none","matchedWords":[]}],"brand":{"name":{"value":"Ketozolin","matchLevel":"none","matchedWords":[]},"readable_id":{"value":"0Z200N34","matchLevel":"none","matchedWords":[]}},"pzn_trimmed_zeros":{"value":"2837759","matchLevel":"none","matchedWords":[]}},"_rankingInfo":{"nbTypos":0,"firstMatchedWord":0,"proximityDistance":0,"userScore":85,"geoDistance":0,"geoPrecision":1,"nbExactWords":0,"words":0,"filters":2}},{"product_id":"9e724da9-dd52-406b-848e-87cef34c748a","lazy_id":"03045316","product_group_id":"d75a5971-11f3-4d04-9238-2791b3e08226","readable_id":"FX5Q2QLR","ean":null,"slug":"ibu-400-akut","name":"Ibu 400 akut 50 St","medias_v2":[{"resource":"/static/produkte/FX5Q2QLR/docmorris/ibu-400-akut-50-st-03045316-0-1745352026296987.jpg","position":0,"base_url":"https://statics.docmorris.de"}],"pricing":{"price":5.59,"base_price":"0.11 €/St","recommended_price":10.42,"show_recommended_price":true,"savings_percentage":46,"prescription_types_prices":[{"price":0,"type":"payment_exempt"},{"price":5.59,"type":"private"},{"price":5,"type":"public"}]},"sales_type":"otx","pharmaceutical_properties":{"drug":true,"veterinary_medicament":false,"free_public_prescription":true,"pharmaceutical_form":"Filmtabletten","atc_code":"M01AE01","cold_chain":false,"active_ingredients":["Ibuprofen"],"import_reimport":false,"is_cbd":false},"manufacturer":{"manufacturer_id":"37e0eb61-10e2-4d28-a498-90b4da103e0c","name":"1A Pharma GmbH"},"attributes":{"packaging_size":"50 St"},"brand":{"name":"1 A Pharma","readable_id":"LVFCLMT8"},"seller":{"seller_id":"6fee4fe5-caf4-485d-9e1a-a3a5808ec912","seller_name":"DocMorris Apotheke","seller_postal_code":"6422","has_same_day_delivery":false},"variant_count":4,"has_stock":true,"category_hierarchy":{"lv1":["Arzneimittel \u0026 Gesundheit \u003e Schmerzmittel","Arzneimittel \u0026 Gesundheit \u003e Erkältung \u0026 Grippe"],"lv0":["Arzneimittel \u0026 Gesundheit"],"lv3":["Arzneimittel \u0026 Gesundheit \u003e Schmerzmittel \u003e Schmerzmittel nach Wirkstoff \u003e Ibuprofen","Arzneimittel \u0026 Gesundheit \u003e Erkältung \u0026 Grippe \u003e Fieberthermometer \u0026 Mittel \u003e Fiebersenkende Mittel"],"lv2":["Arzneimittel \u0026 Gesundheit \u003e Schmerzmittel \u003e Schmerzmittel nach Wirkstoff","Arzneimittel \u0026 Gesundheit \u003e Erkältung \u0026 Grippe \u003e Fieberthermometer \u0026 Mittel"]},"rating":{"average_overall":4.78,"total_reviews":482},"categories_belongs_to":[{"readable_id":"L1WPMT3G","name":"Schmerzmittel"},{"readable_id":"XVH4PLGY","name":"Arzneimittel \u0026 Gesundheit"},{"readable_id":"LN2XV15C","name":"Ibuprofen"},{"readable_id":"Y01V1ZJZ","name":"Schmerzmittel nach Wirkstoff"},{"readable_id":"VVLC2JHN","name":"Fiebersenkende Mittel"},{"readable_id":"6TG9M9P6","name":"Fieberthermometer \u0026 Mittel"},{"readable_id":"PY9GWZ6M","name":"Erkältung \u0026 Grippe"}],"sub_headline":"Lindert Schmerzen \u0026 Fieber bei Kindern ab 6 Jahren, Jugendlichen \u0026 Erwachsenen","objectID":"FX5Q2QLR_6fee4fe5-caf4-485d-9e1a-a3a5808ec912","_highlightResult":{"lazy_id":{"value":"03045316","matchLevel":"none","matchedWords":[]},"readable_id":{"value":"FX5Q2QLR","matchLevel":"none","matchedWords":[]},"name":{"value":"Ibu 400 akut 50 St","matchLevel":"none","matchedWords":[]},"pharmaceutical_properties":{"active_ingredients":[{"value":"Ibuprofen","matchLevel":"none","matchedWords":[]}]},"manufacturer":{"name":{"value":"1A Pharma GmbH","matchLevel":"none","matchedWords":[]}},"keywords":[{"value":"ibu","matchLevel":"none","matchedWords":[]},{"value":"fieber","matchLevel":"none","matchedWords":[]},{"value":"rückenschmerzen","matchLevel":"none","matchedWords":[]},{"value":"rheuma","matchLevel":"none","matchedWords":[]},{"value":"zahnschmerzen","matchLevel":"none","matchedWords":[]},{"value":"regelschmerzen","matchLevel":"none","matchedWords":[]},{"value":"bauchschmerzen","matchLevel":"none","matchedWords":[]},{"value":"ibuprofen","matchLevel":"none","matchedWords":[]},{"value":"kopfschmerzen","matchLevel":"none","matchedWords":[]},{"value":"schmerzen","matchLevel":"none","matchedWords":[]},{"value":"halsschmerzen","matchLevel":"none","matchedWords":[]},{"value":"kopfschmerzen","matchLevel":"none","matchedWords":[]},{"value":"bauchschmerzen","matchLevel":"none","matchedWords":[]}],"brand":{"name":{"value":"1 A Pharma","matchLevel":"none","matchedWords":[]},"readable_id":{"value":"LVFCLMT8","matchLevel":"none","matchedWords":[]}},"pzn_trimmed_zeros":{"value":"3045316","matchLevel":"none","matchedWords":[]}},"_rankingInfo":{"nbTypos":0,"firstMatchedWord":0,"proximityDistance":0,"userScore":84,"geoDistance":0,"geoPrecision":1,"nbExactWords":0,"words":0,"filters":2}},{"product_id":"603e37f3-9d77-4f61-9a17-99b3931288f2","lazy_id":"01689009","product_group_id":"603e37f3-9d77-4f61-9a17-99b3931288f2","readable_id":"FX5SSO76","ean":"4015600147006","slug":"wick-medinait-erkaeltungssirup","name":"WICK MediNait Erkältungssirup 180 ml","medias_v2":[{"resource":"/static/produkte/FX5SSO76/docmorris/wick-medinait-erkaeltungssirup-180-ml-01689009-0-1741704562341794.jpeg","position":0,"base_url":"https://statics.docmorris.de"}],"pricing":{"price":16.99,"base_price":"94.39 €/l","recommended_price":25.49,"show_recommended_price":true,"savings_percentage":33,"prescription_types_prices":[{"price":0,"type":"payment_exempt"},{"price":16.99,"type":"private"},{"price":5,"type":"public"}]},"sales_type":"otc","pharmaceutical_properties":{"drug":true,"veterinary_medicament":false,"free_public_prescription":true,"pharmaceutical_form":"Sirup","atc_code":"R05XA01","cold_chain":false,"active_ingredients":[],"import_reimport":false,"is_cbd":false},"manufacturer":{"manufacturer_id":"20d0262c-3ed7-4b61-8361-ae372bd01cb2","name":"WICK Pharma - Zweigniederlassung der Procter \u0026 Gamble GmbH"},"attributes":{"alter_2":["Jahre"],"alter_1":["16"],"packaging_size":"180 ml"},"brand":{"name":"WICK","readable_id":"F6V4CF4L"},"seller":{"seller_id":"6fee4fe5-caf4-485d-9e1a-a3a5808ec912","seller_name":"DocMorris Apotheke","seller_postal_code":"6422","has_same_day_delivery":false},"variant_count":5,"has_stock":true,"category_hierarchy":{"lv1":["Arzneimittel \u0026 Gesundheit \u003e Erkältung \u0026 Grippe"],"lv0":["Arzneimittel \u0026 Gesundheit"],"lv2":["Arzneimittel \u0026 Gesundheit \u003e Erkältung \u0026 Grippe \u003e Fieberthermometer \u0026 Mittel","Arzneimittel \u0026 Gesundheit \u003e Erkältung \u0026 Grippe \u003e Vorbeugen \u0026 Abwehr stärken","Arzneimittel \u0026 Gesundheit \u003e Erkältung \u0026 Grippe \u003e Grippaler Infekt"]},"rating":{"average_overall":4.76,"total_reviews":1202},"categories_belongs_to":[{"readable_id":"PY9GWZ6M","name":"Erkältung \u0026 Grippe"},{"readable_id":"XVH4PLGY","name":"Arzneimittel \u0026 Gesundheit"},{"readable_id":"6TG9M9P6","name":"Fieberthermometer \u0026 Mittel"},{"readable_id":"ZCK3PFLN","name":"Vorbeugen \u0026 Abwehr stärken"},{"readable_id":"W4GC7VL4","name":"Grippaler Infekt"}],"sub_headline":"Lindert 6 Erkältungssymptome für erholsamen Schlaf","objectID":"FX5SSO76_6fee4fe5-caf4-485d-9e1a-a3a5808ec912","_highlightResult":{"lazy_id":{"value":"01689009","matchLevel":"none","matchedWords":[]},"readable_id":{"value":"FX5SSO76","matchLevel":"none","matchedWords":[]},"ean":{"value":"4015600147006","matchLevel":"none","matchedWords":[]},"name":{"value":"WICK MediNait Erkältungssirup 180 ml","matchLevel":"none","matchedWords":[]},"manufacturer":{"name":{"value":"WICK Pharma - Zweigniederlassung der Procter \u0026 Gamble GmbH","matchLevel":"none","matchedWords":[]}},"keywords":[{"value":"Erkältung","matchLevel":"none","matchedWords":[]},{"value":"Erkältungsmittel","matchLevel":"none","matchedWords":[]},{"value":"Fieber","matchLevel":"none","matchedWords":[]},{"value":"Husten","matchLevel":"none","matchedWords":[]},{"value":"Grippe","matchLevel":"none","matchedWords":[]},{"value":"Gliederschmerzen","matchLevel":"none","matchedWords":[]},{"value":"Halsschmerzen","matchLevel":"none","matchedWords":[]},{"value":"Schnupfen","matchLevel":"none","matchedWords":[]},{"value":"Erkältungssymptome","matchLevel":"none","matchedWords":[]},{"value":"Reizhusten","matchLevel":"none","matchedWords":[]},{"value":"Paracetamol","matchLevel":"none","matchedWords":[]},{"value":"Ibuprofen","matchLevel":"none","matchedWords":[]},{"value":"Hustensaft","matchLevel":"none","matchedWords":[]},{"value":"Fiebersaft","matchLevel":"none","matchedWords":[]},{"value":"Grippemittel","matchLevel":"none","matchedWords":[]},{"value":"Schmerzmittel","matchLevel":"none","matchedWords":[]},{"value":"Hustenreiz","matchLevel":"none","matchedWords":[]},{"value":"Fiebertherapie","matchLevel":"none","matchedWords":[]},{"value":"Hustenstiller","matchLevel":"none","matchedWords":[]},{"value":"Atemwegserkrankung","matchLevel":"none","matchedWords":[]},{"value":"Schleimlöser","matchLevel":"none","matchedWords":[]},{"value":"Fieber senken","matchLevel":"none","matchedWords":[]},{"value":"Halstabletten","matchLevel":"none","matchedWords":[]},{"value":"Hustentropfen","matchLevel":"none","matchedWords":[]},{"value":"Inhalation","matchLevel":"none","matchedWords":[]},{"value":"Erkältungszeit","matchLevel":"none","matchedWords":[]},{"value":"Grippeimpfung","matchLevel":"none","matchedWords":[]},{"value":"Virale Infektion","matchLevel":"none","matchedWords":[]},{"value":"Fieber messen","matchLevel":"none","matchedWords":[]},{"value":"Fieberthermometer","matchLevel":"none","matchedWords":[]},{"value":"Hausmittel gegen Husten","matchLevel":"none","matchedWords":[]},{"value":"Erkältung vorbeugen","matchLevel":"none","matchedWords":[]},{"value":"Grippesymptome","matchLevel":"none","matchedWords":[]},{"value":"Husten und Schnupfen","matchLevel":"none","matchedWords":[]},{"value":"Halsschmerzen lindern","matchLevel":"none","matchedWords":[]},{"value":"Paracetamol Dosierung","matchLevel":"none","matchedWords":[]},{"value":"Ibuprofen Wirkung","matchLevel":"none","matchedWords":[]},{"value":"Hustenmittel","matchLevel":"none","matchedWords":[]},{"value":"Grippebehandlung","matchLevel":"none","matchedWords":[]},{"value":"erkältungen","matchLevel":"none","matchedWords":[]},{"value":"erkaltung","matchLevel":"none","matchedWords":[]},{"value":"erkältunk","matchLevel":"none","matchedWords":[]},{"value":"krank","matchLevel":"none","matchedWords":[]},{"value":"Huste","matchLevel":"none","matchedWords":[]}],"brand":{"name":{"value":"WICK","matchLevel":"none","matchedWords":[]},"readable_id":{"value":"F6V4CF4L","matchLevel":"none","matchedWords":[]}},"pzn_trimmed_zeros":{"value":"1689009","matchLevel":"none","matchedWords":[]}},"_rankingInfo":{"nbTypos":0,"firstMatchedWord":0,"proximityDistance":0,"userScore":83,"geoDistance":0,"geoPrecision":1,"nbExactWords":0,"words":0,"filters":2}},{"product_id":"fe2a76bd-7ff5-418d-80a3-9a97d11d62b1","lazy_id":"04911945","product_group_id":"8063acdc-591e-4761-9649-3b8ec654185b","readable_id":"FX5K73KW","ean":null,"slug":"magnesium-verla-n-dragees","name":"Magnesium Verla N Dragees 200 St","medias_v2":[{"resource":"/static/produkte/FX5K73KW/docmorris/magnesium-verla-n-dragees-200-st-04911945-0-1714027178475510.jpeg","position":0,"base_url":"https://statics.docmorris.de"}],"pricing":{"price":13.99,"base_price":"0.07 €/St","recommended_price":18.99,"show_recommended_price":true,"savings_percentage":26,"prescription_types_prices":[{"price":4.01,"type":"payment_exempt"},{"price":13.99,"type":"private"},{"price":9.01,"type":"public"}]},"sales_type":"otx","pharmaceutical_properties":{"drug":true,"veterinary_medicament":false,"free_public_prescription":true,"pharmaceutical_form":"Tabletten magensaftresistent","atc_code":"A12CC30","cold_chain":false,"active_ingredients":[],"import_reimport":false,"is_cbd":false},"manufacturer":{"manufacturer_id":"aa890478-fb3c-4aee-8296-9fdba49fdb59","name":"Verla-Pharm Arzneimittel GmbH \u0026 Co. KG"},"attributes":{"eigenschaften":["vegan","vegetarisch","glutenfrei"],"packaging_size":"200 St"},"brand":{"name":"Verla","readable_id":"FL7FTR31"},"seller":{"seller_id":"6fee4fe5-caf4-485d-9e1a-a3a5808ec912","seller_name":"DocMorris Apotheke","seller_postal_code":"6422","has_same_day_delivery":false},"variant_count":6,"has_stock":true,"category_hierarchy":{"lv2":["Arzneimittel \u0026 Gesundheit \u003e Muskeln, Knochen, Gelenke \u003e Muskel- \u0026 Wadenkrämpfe","Vitamine, Sport \u0026 Ernährung \u003e Nahrungsergänzung \u003e Mineralstoffe \u0026 Spurenelemente","Arzneimittel \u0026 Gesundheit \u003e Diabetes \u003e Diabetische Begleiterkrankung"],"lv1":["Arzneimittel \u0026 Gesundheit \u003e Muskeln, Knochen, Gelenke","Vitamine, Sport \u0026 Ernährung \u003e Nahrungsergänzung","Arzneimittel \u0026 Gesundheit \u003e Diabetes"],"lv0":["Arzneimittel \u0026 Gesundheit","Vitamine, Sport \u0026 Ernährung"],"lv3":["Vitamine, Sport \u0026 Ernährung \u003e Nahrungsergänzung \u003e Mineralstoffe \u0026 Spurenelemente \u003e Magnesium","Arzneimittel \u0026 Gesundheit \u003e Diabetes \u003e Diabetische Begleiterkrankung \u003e Therapieergänzung"]},"rating":{"average_overall":4.79,"total_reviews":903},"categories_belongs_to":[{"readable_id":"Y711Z33P","name":"Muskel- \u0026 Wadenkrämpfe"},{"readable_id":"JZXT93TZ","name":"Muskeln, Knochen, Gelenke"},{"readable_id":"XVH4PLGY","name":"Arzneimittel \u0026 Gesundheit"},{"readable_id":"FU1CZ","name":"Magnesium"},{"readable_id":"IGBQP","name":"Mineralstoffe \u0026 Spurenelemente"},{"readable_id":"KFVND","name":"Nahrungsergänzung"},{"readable_id":"7TPHZ61C","name":"Vitamine, Sport \u0026 Ernährung"},{"readable_id":"Y74T5580","name":"Therapieergänzung"},{"readable_id":"8N1565NK","name":"Diabetische Begleiterkrankung"},{"readable_id":"NYY50HRY","name":"Diabetes"}],"sub_headline":"Magenverträglich \u0026 leicht zu schlucken bei Magnesiummangel","objectID":"FX5K73KW_6fee4fe5-caf4-485d-9e1a-a3a5808ec912","_highlightResult":{"lazy_id":{"value":"04911945","matchLevel":"none","matchedWords":[]},"readable_id":{"value":"FX5K73KW","matchLevel":"none","matchedWords":[]},"name":{"value":"Magnesium Verla N Dragees 200 St","matchLevel":"none","matchedWords":[]},"manufacturer":{"name":{"value":"Verla-Pharm Arzneimittel GmbH \u0026 Co. KG","matchLevel":"none","matchedWords":[]}},"keywords":[{"value":"magnesium","matchLevel":"none","matchedWords":[]},{"value":"magnesiummangel","matchLevel":"none","matchedWords":[]},{"value":"kraempfe","matchLevel":"none","matchedWords":[]},{"value":"muskelkrampf","matchLevel":"none","matchedWords":[]},{"value":"wadenkrampf","matchLevel":"none","matchedWords":[]},{"value":"verspannung","matchLevel":"none","matchedWords":[]},{"value":"muskelverspannung","matchLevel":"none","matchedWords":[]},{"value":"muskelkater","matchLevel":"none","matchedWords":[]}],"brand":{"name":{"value":"Verla","matchLevel":"none","matchedWords":[]},"readable_id":{"value":"FL7FTR31","matchLevel":"none","matchedWords":[]}},"pzn_trimmed_zeros":{"value":"4911945","matchLevel":"none","matchedWords":[]}},"_rankingInfo":{"nbTypos":0,"firstMatchedWord":0,"proximityDistance":0,"userScore":82,"geoDistance":0,"geoPrecision":1,"nbExactWords":0,"words":0,"filters":2}},{"product_id":"43ee6f43-424d-4473-8269-5005ee0f30cc","lazy_id":"03120822","product_group_id":"43ee6f43-424d-4473-8269-5005ee0f30cc","readable_id":"FX5LEOCV","ean":"4007965015717","slug":"elmex-gelee-zahngel-mit-fluorid","name":"Elmex Gelee Zahngel mit Fluorid 25 g","medias_v2":[{"resource":"/static/produkte/FX5LEOCV/docmorris/elmex-gelee-zahngel-mit-fluorid-25-g-03120822-0-1744270672852244.jpg","position":0,"base_url":"https://statics.docmorris.de"}],"pricing":{"price":13.99,"base_price":"559.60 €/kg","recommended_price":17.98,"show_recommended_price":true,"savings_percentage":22,"prescription_types_prices":[{"price":0,"type":"payment_exempt"},{"price":13.99,"type":"private"},{"price":5,"type":"public"}]},"sales_type":"otx","pharmaceutical_properties":{"drug":true,"veterinary_medicament":false,"free_public_prescription":true,"pharmaceutical_form":"Gel","atc_code":"A01AA30","cold_chain":false,"active_ingredients":[],"import_reimport":false,"is_cbd":false},"manufacturer":{"manufacturer_id":"13eac38a-7793-4da3-ab74-0943b5314389","name":"CP GABA GmbH"},"attributes":{"eigenschaften":["vegan","vegetarisch"],"packaging_size":"25 g"},"brand":{"name":"elmex","readable_id":"NF6Z9VHP"},"seller":{"seller_id":"6fee4fe5-caf4-485d-9e1a-a3a5808ec912","seller_name":"DocMorris Apotheke","seller_postal_code":"6422","has_same_day_delivery":false},"variant_count":1,"has_stock":true,"category_hierarchy":{"lv3":["Arzneimittel \u0026 Gesundheit \u003e Mund- \u0026 Zahngesundheit \u003e Kinderzahnpflege \u003e Zahnen","Arzneimittel \u0026 Gesundheit \u003e Mund- \u0026 Zahngesundheit \u003e Mundpflege \u003e Mundspülung und -gele","Arzneimittel \u0026 Gesundheit \u003e Mund- \u0026 Zahngesundheit \u003e Zahnpflege \u003e Zahnpasta","Arzneimittel \u0026 Gesundheit \u003e Mund- \u0026 Zahngesundheit \u003e Kinderzahnpflege \u003e Fluor"],"lv2":["Arzneimittel \u0026 Gesundheit \u003e Mund- \u0026 Zahngesundheit \u003e Kinderzahnpflege","Arzneimittel \u0026 Gesundheit \u003e Mund- \u0026 Zahngesundheit \u003e Mundpflege","Kinder \u0026 Familie \u003e Baby \u0026 Kind \u003e Baby- \u0026 Kinderpflege","Arzneimittel \u0026 Gesundheit \u003e Mund- \u0026 Zahngesundheit \u003e Zahnpflege"],"lv1":["Arzneimittel \u0026 Gesundheit \u003e Mund- \u0026 Zahngesundheit","Kinder \u0026 Familie \u003e Baby \u0026 Kind"],"lv0":["Arzneimittel \u0026 Gesundheit","Kinder \u0026 Familie"]},"rating":{"average_overall":4.53,"total_reviews":529},"categories_belongs_to":[{"readable_id":"8N7P27J8","name":"Zahnen"},{"readable_id":"3G11X0CM","name":"Kinderzahnpflege"},{"readable_id":"FT4R5LXK","name":"Mund- \u0026 Zahngesundheit"},{"readable_id":"XVH4PLGY","name":"Arzneimittel \u0026 Gesundheit"},{"readable_id":"2FV52G3G","name":"Mundspülung und -gele"},{"readable_id":"Z8PG8VRV","name":"Mundpflege"},{"readable_id":"TF92N2XK","name":"Baby- \u0026 Kinderpflege"},{"readable_id":"74TVZRY4","name":"Baby \u0026 Kind"},{"readable_id":"Z193X952","name":"Kinder \u0026 Familie"},{"readable_id":"825LT222","name":"Zahnpasta"},{"readable_id":"YH41R1K2","name":"Zahnpflege"},{"readable_id":"MLZZKH7Y","name":"Fluor"}],"sub_headline":"Remineralisiert beginnende Karies und stärkt Zahnschmelz ab 6 Jahren","objectID":"FX5LEOCV_6fee4fe5-caf4-485d-9e1a-a3a5808ec912","_highlightResult":{"lazy_id":{"value":"03120822","matchLevel":"none","matchedWords":[]},"readable_id":{"value":"FX5LEOCV","matchLevel":"none","matchedWords":[]},"ean":{"value":"4007965015717","matchLevel":"none","matchedWords":[]},"name":{"value":"Elmex Gelee Zahngel mit Fluorid 25 g","matchLevel":"none","matchedWords":[]},"manufacturer":{"name":{"value":"CP GABA GmbH","matchLevel":"none","matchedWords":[]}},"keywords":[{"value":"Kariesprophylaxe","matchLevel":"none","matchedWords":[]},{"value":"schmerzempfindliche zähne","matchLevel":"none","matchedWords":[]},{"value":"zahnschmerzen","matchLevel":"none","matchedWords":[]},{"value":"empfindliche zähne","matchLevel":"none","matchedWords":[]},{"value":"karies vorbeugung","matchLevel":"none","matchedWords":[]},{"value":"zahnschmelz","matchLevel":"none","matchedWords":[]},{"value":"kariesschutz","matchLevel":"none","matchedWords":[]},{"value":"zähne","matchLevel":"none","matchedWords":[]},{"value":"zahnpasta","matchLevel":"none","matchedWords":[]},{"value":"zahngel","matchLevel":"none","matchedWords":[]},{"value":"zahnschmelz aufbau","matchLevel":"none","matchedWords":[]},{"value":"stärkung des zahnschmelz","matchLevel":"none","matchedWords":[]},{"value":"aminfluorid","matchLevel":"none","matchedWords":[]},{"value":"karies vermeiden","matchLevel":"none","matchedWords":[]},{"value":"gegen säureangriffe","matchLevel":"none","matchedWords":[]},{"value":"karies vorbeugen","matchLevel":"none","matchedWords":[]},{"value":"karies","matchLevel":"none","matchedWords":[]},{"value":"kinder Zahnpasta","matchLevel":"none","matchedWords":[]},{"value":"elmex gelee","matchLevel":"none","matchedWords":[]},{"value":"dental gel","matchLevel":"none","matchedWords":[]},{"value":"zahncreme","matchLevel":"none","matchedWords":[]},{"value":"Zahnspange","matchLevel":"none","matchedWords":[]},{"value":"Kariesprophylaxe","matchLevel":"none","matchedWords":[]},{"value":"zahnpasta kinder","matchLevel":"none","matchedWords":[]},{"value":"fluorid","matchLevel":"none","matchedWords":[]},{"value":"elmex gelée","matchLevel":"none","matchedWords":[]}],"brand":{"name":{"value":"elmex","matchLevel":"none","matchedWords":[]},"readable_id":{"value":"NF6Z9VHP","matchLevel":"none","matchedWords":[]}},"pzn_trimmed_zeros":{"value":"3120822","matchLevel":"none","matchedWords":[]}},"_rankingInfo":{"nbTypos":0,"firstMatchedWord":0,"proximityDistance":0,"userScore":81,"geoDistance":0,"geoPrecision":1,"nbExactWords":0,"words":0,"filters":2}},{"product_id":"7faa4c5b-231c-4db7-bf49-6d9a89d5af92","lazy_id":"13155690","product_group_id":"3c62de06-aace-41de-aec1-4d3e2d4c86a8","readable_id":"FX5AW3BS","ean":null,"slug":"vigantol-1000-ie-vitamin-d3-tabletten","name":"VIGANTOL 1000 I.E. Vitamin D3 Tabletten 200 St","medias_v2":[{"resource":"/static/produkte/FX5AW3BS/docmorris/vigantol-1000-i-e-vitamin-d3-tabletten-200-st-13155690-0-1765529485920332.png","position":0,"base_url":"https://statics.docmorris.de"}],"pricing":{"price":12.99,"base_price":"0.06 €/St","recommended_price":17.47,"show_recommended_price":true,"savings_percentage":26,"prescription_types_prices":[{"price":0,"type":"payment_exempt"},{"price":12.99,"type":"private"},{"price":5,"type":"public"}]},"sales_type":"otc","pharmaceutical_properties":{"drug":true,"veterinary_medicament":false,"free_public_prescription":true,"pharmaceutical_form":"Tabletten","atc_code":"A11CC05","cold_chain":false,"active_ingredients":[],"import_reimport":false,"is_cbd":false},"manufacturer":{"manufacturer_id":"20d0262c-3ed7-4b61-8361-ae372bd01cb2","name":"WICK Pharma - Zweigniederlassung der Procter \u0026 Gamble GmbH"},"attributes":{"alter_1":["1"],"alter_2":["Monat"],"packaging_size":"200 St"},"brand":{"name":"Vigantol","readable_id":"VNJ940V7"},"seller":{"seller_id":"6fee4fe5-caf4-485d-9e1a-a3a5808ec912","seller_name":"DocMorris Apotheke","seller_postal_code":"6422","has_same_day_delivery":false},"variant_count":3,"has_stock":true,"category_hierarchy":{"lv3":["Vitamine, Sport \u0026 Ernährung \u003e Nahrungsergänzung \u003e Vitamine \u003e Vitamin D"],"lv2":["Vitamine, Sport \u0026 Ernährung \u003e Nahrungsergänzung \u003e Vitamine","Arzneimittel \u0026 Gesundheit \u003e Männergesundheit \u003e Vitamine \u0026 Gesundheit","Arzneimittel \u0026 Gesundheit \u003e Muskeln, Knochen, Gelenke \u003e Osteoporose"],"lv1":["Vitamine, Sport \u0026 Ernährung \u003e Nahrungsergänzung","Arzneimittel \u0026 Gesundheit \u003e Männergesundheit","Arzneimittel \u0026 Gesundheit \u003e Muskeln, Knochen, Gelenke"],"lv0":["Vitamine, Sport \u0026 Ernährung","Arzneimittel \u0026 Gesundheit"]},"rating":{"average_overall":4.71,"total_reviews":375},"categories_belongs_to":[{"readable_id":"2MHC5","name":"Vitamin D"},{"readable_id":"XM6HN","name":"Vitamine"},{"readable_id":"KFVND","name":"Nahrungsergänzung"},{"readable_id":"7TPHZ61C","name":"Vitamine, Sport \u0026 Ernährung"},{"readable_id":"3HMXL8P7","name":"Vitamine \u0026 Gesundheit"},{"readable_id":"PX67HNJ5","name":"Männergesundheit"},{"readable_id":"XVH4PLGY","name":"Arzneimittel \u0026 Gesundheit"},{"readable_id":"5KYX89HT","name":"Osteoporose"},{"readable_id":"JZXT93TZ","name":"Muskeln, Knochen, Gelenke"}],"sub_headline":"Zur Vorbeugung eines Vitamin-D-Mangels und Unterstützung gegen Osteoporose ","objectID":"FX5AW3BS_6fee4fe5-caf4-485d-9e1a-a3a5808ec912","_highlightResult":{"lazy_id":{"value":"13155690","matchLevel":"none","matchedWords":[]},"readable_id":{"value":"FX5AW3BS","matchLevel":"none","matchedWords":[]},"name":{"value":"VIGANTOL 1000 I.E. Vitamin D3 Tabletten 200 St","matchLevel":"none","matchedWords":[]},"manufacturer":{"name":{"value":"WICK Pharma - Zweigniederlassung der Procter \u0026 Gamble GmbH","matchLevel":"none","matchedWords":[]}},"keywords":[{"value":"Vitamin D","matchLevel":"none","matchedWords":[]},{"value":"Vitamin D3","matchLevel":"none","matchedWords":[]},{"value":"Knochen","matchLevel":"none","matchedWords":[]},{"value":"Immun","matchLevel":"none","matchedWords":[]},{"value":"Muskeln","matchLevel":"none","matchedWords":[]},{"value":"d3","matchLevel":"none","matchedWords":[]},{"value":"Nahrungsergänzungsmittel","matchLevel":"none","matchedWords":[]},{"value":"1000 I.E.","matchLevel":"none","matchedWords":[]},{"value":"Zink","matchLevel":"none","matchedWords":[]},{"value":"B12","matchLevel":"none","matchedWords":[]},{"value":"Vitamin C","matchLevel":"none","matchedWords":[]},{"value":"Vitamin B12","matchLevel":"none","matchedWords":[]},{"value":"Vitamin B","matchLevel":"none","matchedWords":[]},{"value":"Vitamin D 2000","matchLevel":"none","matchedWords":[]},{"value":"Vitamin","matchLevel":"none","matchedWords":[]},{"value":"Calcium","matchLevel":"none","matchedWords":[]},{"value":"Vitamin D Mangel","matchLevel":"none","matchedWords":[]},{"value":"Vitamin D Einnahme","matchLevel":"none","matchedWords":[]},{"value":"Zinkpräparate","matchLevel":"none","matchedWords":[]},{"value":"B12 Mangel","matchLevel":"none","matchedWords":[]},{"value":"Vitamin C Wirkung","matchLevel":"none","matchedWords":[]},{"value":"Vitamin B Komplex","matchLevel":"none","matchedWords":[]},{"value":"Vitamin D3 Dosierung","matchLevel":"none","matchedWords":[]},{"value":"Calciumaufnahme","matchLevel":"none","matchedWords":[]},{"value":"Mineralstoffe","matchLevel":"none","matchedWords":[]},{"value":"Vitamine für das Immunsystem","matchLevel":"none","matchedWords":[]},{"value":"Zink Wirkung","matchLevel":"none","matchedWords":[]},{"value":"B12 Ergänzung","matchLevel":"none","matchedWords":[]},{"value":"Vitamin C Präparate","matchLevel":"none","matchedWords":[]},{"value":"Vitamin D3 Wirkung","matchLevel":"none","matchedWords":[]},{"value":"Zink und Vitamin C","matchLevel":"none","matchedWords":[]},{"value":"Vitamin B Ergänzungen","matchLevel":"none","matchedWords":[]},{"value":"Calcium Supplement","matchLevel":"none","matchedWords":[]},{"value":"Zinkmangel","matchLevel":"none","matchedWords":[]},{"value":"B12 Nahrungsquellen","matchLevel":"none","matchedWords":[]},{"value":"Vitamin C für die Gesundheit","matchLevel":"none","matchedWords":[]},{"value":"Vitamin D für die Knochen","matchLevel":"none","matchedWords":[]},{"value":"Calcium für die Zähne","matchLevel":"none","matchedWords":[]},{"value":"Vitamin D und Zink","matchLevel":"none","matchedWords":[]},{"value":"Vitamin D für die Immunabwehr","matchLevel":"none","matchedWords":[]},{"value":"Vitamin B für die Energie","matchLevel":"none","matchedWords":[]},{"value":"Zinktabletten","matchLevel":"none","matchedWords":[]},{"value":"Calcium und Vitamin D","matchLevel":"none","matchedWords":[]},{"value":"Vitamn C","matchLevel":"none","matchedWords":[]},{"value":"Vitamine D","matchLevel":"none","matchedWords":[]},{"value":"Vitamine D3","matchLevel":"none","matchedWords":[]},{"value":"Vtamine","matchLevel":"none","matchedWords":[]},{"value":"Vtamine D3","matchLevel":"none","matchedWords":[]},{"value":"D33","matchLevel":"none","matchedWords":[]}],"brand":{"name":{"value":"Vigantol","matchLevel":"none","matchedWords":[]},"readable_id":{"value":"VNJ940V7","matchLevel":"none","matchedWords":[]}},"pzn_trimmed_zeros":{"value":"13155690","matchLevel":"none","matchedWords":[]}},"_rankingInfo":{"nbTypos":0,"firstMatchedWord":0,"proximityDistance":0,"userScore":80,"geoDistance":0,"geoPrecision":1,"nbExactWords":0,"words":0,"filters":2}},{"product_id":"4c436aa8-7e74-4074-9dcf-c88fd4c26a21","lazy_id":"08907142","product_group_id":"f562c531-fd63-4ced-810d-6aeee09f0843","readable_id":"FX5PGI2E","ean":null,"slug":"ciclopoli-gegen-nagelpilz","name":"Ciclopoli gegen Nagelpilz 6,6 ml","medias_v2":[{"resource":"/static/produkte/FX5PGI2E/docmorris/ciclopoli-gegen-nagelpilz-6-6-ml-08907142-0-1742462761884274.jpeg","position":0,"base_url":"https://statics.docmorris.de"}],"pricing":{"price":33.99,"base_price":"5150.00 €/l","recommended_price":46.98,"show_recommended_price":true,"savings_percentage":28,"prescription_types_prices":[{"price":0,"type":"payment_exempt"},{"price":33.99,"type":"private"},{"price":5,"type":"public"}]},"sales_type":"otx","pharmaceutical_properties":{"drug":true,"veterinary_medicament":false,"free_public_prescription":true,"pharmaceutical_form":"Wirkstoffhaltiger Nagellack","atc_code":"D01AE14","cold_chain":false,"active_ingredients":["Ciclopirox"],"import_reimport":false,"is_cbd":false},"manufacturer":{"manufacturer_id":"6ac8e2f5-9cab-4de5-82a4-54ef076b081c","name":"ALMIRALL HERMAL GmbH"},"attributes":{"eigenschaften":["ohne Konservierungsstoffe","duftstofffrei","zuckerfrei","frei von Soja","parabenfrei","gelatinefrei","frei von Nüssen","laktosefrei","glutenfrei","ohne künstliche Farbstoffe","acetonfrei","ammoniakfrei"],"alter_2":["Jahre"],"alter_1":["18"],"geeignet_fuer":["Diabetiker"],"packaging_size":"6,6 ml"},"brand":{"name":"Ciclopoli","readable_id":"RC0CG40Y"},"seller":{"seller_id":"6fee4fe5-caf4-485d-9e1a-a3a5808ec912","seller_name":"DocMorris Apotheke","seller_postal_code":"6422","has_same_day_delivery":false},"variant_count":4,"has_stock":true,"category_hierarchy":{"lv3":["Arzneimittel \u0026 Gesundheit \u003e Haut, Haare \u0026 Nägel \u003e An Händen \u0026 Füßen \u003e Nagelpilz"],"lv2":["Arzneimittel \u0026 Gesundheit \u003e Haut, Haare \u0026 Nägel \u003e An Händen \u0026 Füßen","Arzneimittel \u0026 Gesundheit \u003e Haut, Haare \u0026 Nägel \u003e Pilzerkrankungen"],"lv1":["Arzneimittel \u0026 Gesundheit \u003e Haut, Haare \u0026 Nägel"],"lv0":["Arzneimittel \u0026 Gesundheit"]},"rating":{"average_overall":4.19,"total_reviews":932},"categories_belongs_to":[{"readable_id":"4GVC8CMJ","name":"Nagelpilz"},{"readable_id":"13M3XJCP","name":"An Händen \u0026 Füßen"},{"readable_id":"TJ17R1WH","name":"Haut, Haare \u0026 Nägel"},{"readable_id":"XVH4PLGY","name":"Arzneimittel \u0026 Gesundheit"},{"readable_id":"X0HH2Y5L","name":"Pilzerkrankungen"}],"sub_headline":"Wirkstoffhaltiger Nagellack mit Ciclopirox ab 18 Jahren","objectID":"FX5PGI2E_6fee4fe5-caf4-485d-9e1a-a3a5808ec912","_highlightResult":{"lazy_id":{"value":"08907142","matchLevel":"none","matchedWords":[]},"readable_id":{"value":"FX5PGI2E","matchLevel":"none","matchedWords":[]},"name":{"value":"Ciclopoli gegen Nagelpilz 6,6 ml","matchLevel":"none","matchedWords":[]},"pharmaceutical_properties":{"active_ingredients":[{"value":"Ciclopirox","matchLevel":"none","matchedWords":[]}]},"manufacturer":{"name":{"value":"ALMIRALL HERMAL GmbH","matchLevel":"none","matchedWords":[]}},"keywords":[{"value":"ciclopirox","matchLevel":"none","matchedWords":[]},{"value":"fußnagelpilz","matchLevel":"none","matchedWords":[]},{"value":"onychomykose","matchLevel":"none","matchedWords":[]},{"value":"nagelpils","matchLevel":"none","matchedWords":[]},{"value":"antimykotika","matchLevel":"none","matchedWords":[]},{"value":"nagel pilz","matchLevel":"none","matchedWords":[]},{"value":"fingernagelpilz","matchLevel":"none","matchedWords":[]},{"value":"nagelpilz","matchLevel":"none","matchedWords":[]},{"value":"Nagellack","matchLevel":"none","matchedWords":[]},{"value":"Diabetiker geeignet","matchLevel":"none","matchedWords":[]},{"value":"Maniküre","matchLevel":"none","matchedWords":[]},{"value":"Nagel","matchLevel":"none","matchedWords":[]},{"value":"Nagelpflege","matchLevel":"none","matchedWords":[]},{"value":"Nagelpilz","matchLevel":"none","matchedWords":[]},{"value":"Pilz","matchLevel":"none","matchedWords":[]},{"value":"pilzhemmend","matchLevel":"none","matchedWords":[]},{"value":"wasserlöslich","matchLevel":"none","matchedWords":[]},{"value":"Fußpflege","matchLevel":"none","matchedWords":[]},{"value":"wirkstoffhaltiger Nagellack","matchLevel":"none","matchedWords":[]},{"value":"Fussnagel","matchLevel":"none","matchedWords":[]},{"value":"Pediküre","matchLevel":"none","matchedWords":[]},{"value":"Nagelpilz Ursache","matchLevel":"none","matchedWords":[]},{"value":"Nagelpilz behandeln","matchLevel":"none","matchedWords":[]},{"value":"Nagelpilz erkennen","matchLevel":"none","matchedWords":[]},{"value":"Nagelpilz was hilft","matchLevel":"none","matchedWords":[]},{"value":"Nagelpilz Mittel","matchLevel":"none","matchedWords":[]},{"value":"Anti Pilz Lack","matchLevel":"none","matchedWords":[]}],"brand":{"name":{"value":"Ciclopoli","matchLevel":"none","matchedWords":[]},"readable_id":{"value":"RC0CG40Y","matchLevel":"none","matchedWords":[]}},"pzn_trimmed_zeros":{"value":"8907142","matchLevel":"none","matchedWords":[]}},"_rankingInfo":{"nbTypos":0,"firstMatchedWord":0,"proximityDistance":0,"userScore":79,"geoDistance":0,"geoPrecision":1,"nbExactWords":0,"words":0,"filters":2}},{"product_id":"dea8da53-85a5-45c4-8ebf-c4c018e75d89","lazy_id":"00520917","product_group_id":"58f486bd-5ed8-459c-b539-f64b6448a24b","readable_id":"FX500P77","ean":null,"slug":"acc-akut-600-hustenloeser","name":"ACC akut 600 Hustenlöser 40 St","medias_v2":[{"resource":"/static/produkte/FX500P77/docmorris/acc-akut-600-hustenloeser-40-st-00520917-0-1728465834819722.jpeg","position":0,"base_url":"https://statics.docmorris.de"}],"pricing":{"price":19.75,"base_price":"0.49 €/St","recommended_price":36.96,"show_recommended_price":true,"savings_percentage":47,"prescription_types_prices":[{"price":19.17,"type":"payment_exempt"},{"price":19.75,"type":"private"},{"price":24.17,"type":"public"}]},"sales_type":"otx","pharmaceutical_properties":{"drug":true,"veterinary_medicament":false,"free_public_prescription":true,"pharmaceutical_form":"Brausetabletten","atc_code":"R05CB01","cold_chain":false,"active_ingredients":["Acetylcystein"],"import_reimport":false,"is_cbd":false},"manufacturer":{"manufacturer_id":"0f2fd456-8570-4871-a318-bb6400ed51ed","name":"Hexal AG"},"attributes":{"packaging_size":"40 St"},"brand":{"name":"ACC","readable_id":"ZW4ZTV69"},"seller":{"seller_id":"6fee4fe5-caf4-485d-9e1a-a3a5808ec912","seller_name":"DocMorris Apotheke","seller_postal_code":"6422","has_same_day_delivery":false},"variant_count":3,"has_stock":true,"category_hierarchy":{"lv3":["Arzneimittel \u0026 Gesundheit \u003e Erkältung \u0026 Grippe \u003e Husten \u0026 Bronchitis \u003e Hustenlöser"],"lv2":["Arzneimittel \u0026 Gesundheit \u003e Erkältung \u0026 Grippe \u003e Husten \u0026 Bronchitis","Arzneimittel \u0026 Gesundheit \u003e Erkältung \u0026 Grippe \u003e Grippaler Infekt"],"lv1":["Arzneimittel \u0026 Gesundheit \u003e Erkältung \u0026 Grippe"],"lv0":["Arzneimittel \u0026 Gesundheit"]},"rating":{"average_overall":4.72,"total_reviews":1414},"categories_belongs_to":[{"readable_id":"GY4309PW","name":"Hustenlöser"},{"readable_id":"V9M3L4Z7","name":"Husten \u0026 Bronchitis"},{"readable_id":"PY9GWZ6M","name":"Erkältung \u0026 Grippe"},{"readable_id":"XVH4PLGY","name":"Arzneimittel \u0026 Gesundheit"},{"readable_id":"W4GC7VL4","name":"Grippaler Infekt"}],"sub_headline":"Löst Schleim, erleichtert Abhusten, befreit die Bronchien\r\n\r\n","objectID":"FX500P77_6fee4fe5-caf4-485d-9e1a-a3a5808ec912","_highlightResult":{"lazy_id":{"value":"00520917","matchLevel":"none","matchedWords":[]},"readable_id":{"value":"FX500P77","matchLevel":"none","matchedWords":[]},"name":{"value":"ACC akut 600 Hustenlöser 40 St","matchLevel":"none","matchedWords":[]},"pharmaceutical_properties":{"active_ingredients":[{"value":"Acetylcystein","matchLevel":"none","matchedWords":[]}]},"manufacturer":{"name":{"value":"Hexal AG","matchLevel":"none","matchedWords":[]}},"keywords":[{"value":"Hustenlöser","matchLevel":"none","matchedWords":[]},{"value":"schleimlöser","matchLevel":"none","matchedWords":[]},{"value":"husten","matchLevel":"none","matchedWords":[]},{"value":"Verschleimter Husten","matchLevel":"none","matchedWords":[]},{"value":"verschleimter husten","matchLevel":"none","matchedWords":[]},{"value":"schleimiger husten","matchLevel":"none","matchedWords":[]},{"value":"Schleimiger Husten","matchLevel":"none","matchedWords":[]},{"value":"Husten","matchLevel":"none","matchedWords":[]},{"value":"starker husten","matchLevel":"none","matchedWords":[]},{"value":"erkältung","matchLevel":"none","matchedWords":[]},{"value":"schleim","matchLevel":"none","matchedWords":[]},{"value":"Reizhusten","matchLevel":"none","matchedWords":[]},{"value":"Hustenstiller","matchLevel":"none","matchedWords":[]},{"value":"Hustenreiz","matchLevel":"none","matchedWords":[]},{"value":"abhusten","matchLevel":"none","matchedWords":[]},{"value":"festsitzender Husten","matchLevel":"none","matchedWords":[]},{"value":"fieber","matchLevel":"none","matchedWords":[]},{"value":"reizhusten","matchLevel":"none","matchedWords":[]},{"value":"erkältung","matchLevel":"none","matchedWords":[]},{"value":"grippaler infekt","matchLevel":"none","matchedWords":[]},{"value":"nasennebenhöhlenentzündung","matchLevel":"none","matchedWords":[]},{"value":"husten","matchLevel":"none","matchedWords":[]},{"value":"hustenlöser","matchLevel":"none","matchedWords":[]},{"value":"hustenreiz","matchLevel":"none","matchedWords":[]},{"value":"nasennebenhöhlen","matchLevel":"none","matchedWords":[]},{"value":"schleim","matchLevel":"none","matchedWords":[]},{"value":"hustenstiller","matchLevel":"none","matchedWords":[]},{"value":"schnupfen","matchLevel":"none","matchedWords":[]},{"value":"schleimlöser","matchLevel":"none","matchedWords":[]},{"value":"halsschmerzen","matchLevel":"none","matchedWords":[]},{"value":"bronchitis","matchLevel":"none","matchedWords":[]},{"value":"heiserkeit","matchLevel":"none","matchedWords":[]},{"value":"atemwege","matchLevel":"none","matchedWords":[]},{"value":"schleim","matchLevel":"none","matchedWords":[]},{"value":"verschleimter husten","matchLevel":"none","matchedWords":[]},{"value":"hustenlöser","matchLevel":"none","matchedWords":[]},{"value":"hustenschleim","matchLevel":"none","matchedWords":[]},{"value":"atemwege","matchLevel":"none","matchedWords":[]},{"value":"Hustensaft","matchLevel":"none","matchedWords":[]}],"brand":{"name":{"value":"ACC","matchLevel":"none","matchedWords":[]},"readable_id":{"value":"ZW4ZTV69","matchLevel":"none","matchedWords":[]}},"pzn_trimmed_zeros":{"value":"520917","matchLevel":"none","matchedWords":[]}},"_rankingInfo":{"nbTypos":0,"firstMatchedWord":0,"proximityDistance":0,"userScore":78,"geoDistance":0,"geoPrecision":1,"nbExactWords":0,"words":0,"filters":2}},{"product_id":"1ebc6472-e38a-4ca9-b05c-239b52d3ad90","lazy_id":"03161577","product_group_id":"46cb7bee-a812-4360-91f6-e6343f994347","readable_id":"FX5JU02P","ean":null,"slug":"ibuhexal-akut-400","name":"IBUHEXAL AKUT 400 50 St","medias_v2":[{"resource":"/static/produkte/FX5JU02P/docmorris/ibuhexal-akut-400-50-st-03161577-0-1746216029287573.png","position":0,"base_url":"https://statics.docmorris.de"}],"pricing":{"price":5.59,"base_price":"0.11 €/St","recommended_price":13.45,"show_recommended_price":true,"savings_percentage":58,"prescription_types_prices":[{"price":1.95,"type":"payment_exempt"},{"price":5.59,"type":"private"},{"price":6.95,"type":"public"}]},"sales_type":"otx","pharmaceutical_properties":{"drug":true,"veterinary_medicament":false,"free_public_prescription":true,"pharmaceutical_form":"Filmtabletten","atc_code":"M01AE01","cold_chain":false,"active_ingredients":["Ibuprofen"],"import_reimport":false,"is_cbd":false},"manufacturer":{"manufacturer_id":"0f2fd456-8570-4871-a318-bb6400ed51ed","name":"Hexal AG"},"attributes":{"eigenschaften":["laktosefrei"],"packaging_size":"50 St"},"brand":{"name":"IbuHEXAL","readable_id":"GZWXXTGY"},"seller":{"seller_id":"6fee4fe5-caf4-485d-9e1a-a3a5808ec912","seller_name":"DocMorris Apotheke","seller_postal_code":"6422","has_same_day_delivery":false},"variant_count":3,"has_stock":true,"category_hierarchy":{"lv3":["Arzneimittel \u0026 Gesundheit \u003e Schmerzmittel \u003e Schmerzmittel nach Wirkstoff \u003e Ibuprofen","Arzneimittel \u0026 Gesundheit \u003e Erkältung \u0026 Grippe \u003e Fieberthermometer \u0026 Mittel \u003e Fiebersenkende Mittel"],"lv2":["Arzneimittel \u0026 Gesundheit \u003e Schmerzmittel \u003e Schmerzmittel nach Wirkstoff","Arzneimittel \u0026 Gesundheit \u003e Schmerzmittel \u003e Rückenschmerzen","Arzneimittel \u0026 Gesundheit \u003e Erkältung \u0026 Grippe \u003e Fieberthermometer \u0026 Mittel","Arzneimittel \u0026 Gesundheit \u003e Schmerzmittel \u003e Kopfschmerzen \u0026 Migräne"],"lv1":["Arzneimittel \u0026 Gesundheit \u003e Schmerzmittel","Arzneimittel \u0026 Gesundheit \u003e Erkältung \u0026 Grippe"],"lv0":["Arzneimittel \u0026 Gesundheit"]},"rating":{"average_overall":4.74,"total_reviews":614},"categories_belongs_to":[{"readable_id":"LN2XV15C","name":"Ibuprofen"},{"readable_id":"Y01V1ZJZ","name":"Schmerzmittel nach Wirkstoff"},{"readable_id":"L1WPMT3G","name":"Schmerzmittel"},{"readable_id":"XVH4PLGY","name":"Arzneimittel \u0026 Gesundheit"},{"readable_id":"6WCJ6V2X","name":"Rückenschmerzen"},{"readable_id":"VVLC2JHN","name":"Fiebersenkende Mittel"},{"readable_id":"6TG9M9P6","name":"Fieberthermometer \u0026 Mittel"},{"readable_id":"PY9GWZ6M","name":"Erkältung \u0026 Grippe"},{"readable_id":"TKJHPYYR","name":"Kopfschmerzen \u0026 Migräne"}],"sub_headline":"Wirkt bei Kopf-, Zahn-, Rücken- und Regel- und Erkältungsschmerzen","objectID":"FX5JU02P_6fee4fe5-caf4-485d-9e1a-a3a5808ec912","_highlightResult":{"lazy_id":{"value":"03161577","matchLevel":"none","matchedWords":[]},"readable_id":{"value":"FX5JU02P","matchLevel":"none","matchedWords":[]},"name":{"value":"IBUHEXAL AKUT 400 50 St","matchLevel":"none","matchedWords":[]},"pharmaceutical_properties":{"active_ingredients":[{"value":"Ibuprofen","matchLevel":"none","matchedWords":[]}]},"manufacturer":{"name":{"value":"Hexal AG","matchLevel":"none","matchedWords":[]}},"keywords":[{"value":"Druckkopfschmerz","matchLevel":"none","matchedWords":[]},{"value":"Kopfschmerz","matchLevel":"none","matchedWords":[]},{"value":"kopfschmerztabletten","matchLevel":"none","matchedWords":[]},{"value":"Kopfschmerzen","matchLevel":"none","matchedWords":[]},{"value":"Schmerzen","matchLevel":"none","matchedWords":[]},{"value":"Regelschmerzen","matchLevel":"none","matchedWords":[]},{"value":"ibuprofen","matchLevel":"none","matchedWords":[]},{"value":"Ibuprofen","matchLevel":"none","matchedWords":[]},{"value":"ibuprofen 400","matchLevel":"none","matchedWords":[]},{"value":"ibu","matchLevel":"none","matchedWords":[]},{"value":"gliederschmerzen","matchLevel":"none","matchedWords":[]},{"value":"Ibu","matchLevel":"none","matchedWords":[]},{"value":"Gliederschmerzen","matchLevel":"none","matchedWords":[]},{"value":"arthrose","matchLevel":"none","matchedWords":[]},{"value":"Rheuma","matchLevel":"none","matchedWords":[]},{"value":"fieber","matchLevel":"none","matchedWords":[]},{"value":"Rückenschmerzen","matchLevel":"none","matchedWords":[]},{"value":"Halsschmerzen","matchLevel":"none","matchedWords":[]},{"value":"arthritis","matchLevel":"none","matchedWords":[]},{"value":"bauchschmerzen","matchLevel":"none","matchedWords":[]},{"value":"Entzündung","matchLevel":"none","matchedWords":[]},{"value":"entzündungshemmend","matchLevel":"none","matchedWords":[]},{"value":"schmerzstillend","matchLevel":"none","matchedWords":[]},{"value":"schmerz","matchLevel":"none","matchedWords":[]},{"value":"fieber","matchLevel":"none","matchedWords":[]},{"value":"rheuma","matchLevel":"none","matchedWords":[]},{"value":"arthritis","matchLevel":"none","matchedWords":[]},{"value":"erkältung","matchLevel":"none","matchedWords":[]},{"value":"rückenschmerzen","matchLevel":"none","matchedWords":[]},{"value":"entzündung","matchLevel":"none","matchedWords":[]},{"value":"kopfschmerzen","matchLevel":"none","matchedWords":[]},{"value":"arthrose","matchLevel":"none","matchedWords":[]},{"value":"anämie","matchLevel":"none","matchedWords":[]},{"value":"bauchschmerzen","matchLevel":"none","matchedWords":[]},{"value":"morbus crohn","matchLevel":"none","matchedWords":[]},{"value":"ibuprofen","matchLevel":"none","matchedWords":[]},{"value":"halsschmerzen","matchLevel":"none","matchedWords":[]},{"value":"bluthochdruck","matchLevel":"none","matchedWords":[]}],"brand":{"name":{"value":"IbuHEXAL","matchLevel":"none","matchedWords":[]},"readable_id":{"value":"GZWXXTGY","matchLevel":"none","matchedWords":[]}},"pzn_trimmed_zeros":{"value":"3161577","matchLevel":"none","matchedWords":[]}},"_rankingInfo":{"nbTypos":0,"firstMatchedWord":0,"proximityDistance":0,"userScore":77,"geoDistance":0,"geoPrecision":1,"nbExactWords":0,"words":0,"filters":2}},{"product_id":"f1c6a6e0-d237-4503-b873-3ceb3e90988a","lazy_id":"01689854","product_group_id":"2222dd0e-327f-44ae-baf3-a90056fe3e58","readable_id":"FX5Q7GZG","ean":null,"slug":"imodium-akut-lingual-schmelztabletten-bei-akutem-durchfall","name":"Imodium akut lingual Schmelztabletten bei akutem Durchfall 12 St","medias_v2":[{"resource":"/static/produkte/FX5Q7GZG/docmorris/imodium-akut-lingual-schmelztabletten-bei-akutem-d-01689854-0-1743072907051231.jpeg","position":0,"base_url":"https://statics.docmorris.de"}],"pricing":{"price":10.99,"base_price":"0.92 €/St","recommended_price":15.29,"show_recommended_price":true,"savings_percentage":28,"prescription_types_prices":[{"price":11.15,"type":"payment_exempt"},{"price":10.99,"type":"private"},{"price":15.29,"type":"public"}]},"sales_type":"otx","pharmaceutical_properties":{"drug":true,"veterinary_medicament":false,"free_public_prescription":true,"pharmaceutical_form":"Schmelztabletten","atc_code":"A07DA03","cold_chain":false,"active_ingredients":[],"import_reimport":false,"is_cbd":false},"manufacturer":{"manufacturer_id":"43af5ca8-54d6-415d-937c-764ecbbc8afb","name":"Kenvue Germany GmbH (OTC)"},"attributes":{"eigenschaften":["alkoholfrei"],"packaging_size":"12 St"},"brand":{"name":"Imodium","readable_id":"9NYRMPZ0"},"seller":{"seller_id":"6fee4fe5-caf4-485d-9e1a-a3a5808ec912","seller_name":"DocMorris Apotheke","seller_postal_code":"6422","has_same_day_delivery":false},"variant_count":2,"has_stock":true,"category_hierarchy":{"lv2":["Arzneimittel \u0026 Gesundheit \u003e Magen, Darm \u0026 Verdauung \u003e Durchfall"],"lv1":["Arzneimittel \u0026 Gesundheit \u003e Magen, Darm \u0026 Verdauung"],"lv0":["Arzneimittel \u0026 Gesundheit"]},"rating":{"average_overall":4.79,"total_reviews":501},"categories_belongs_to":[{"readable_id":"P46886VC","name":"Durchfall"},{"readable_id":"4N90X2N4","name":"Magen, Darm \u0026 Verdauung"},{"readable_id":"XVH4PLGY","name":"Arzneimittel \u0026 Gesundheit"}],"sub_headline":"Schnelle Hilfe bei Magen Darm Beschwerden mit akuter Diarrhö.","objectID":"FX5Q7GZG_6fee4fe5-caf4-485d-9e1a-a3a5808ec912","_highlightResult":{"lazy_id":{"value":"01689854","matchLevel":"none","matchedWords":[]},"readable_id":{"value":"FX5Q7GZG","matchLevel":"none","matchedWords":[]},"name":{"value":"Imodium akut lingual Schmelztabletten bei akutem Durchfall 12 St","matchLevel":"none","matchedWords":[]},"manufacturer":{"name":{"value":"Kenvue Germany GmbH (OTC)","matchLevel":"none","matchedWords":[]}},"keywords":[{"value":"akuter Durchfall","matchLevel":"none","matchedWords":[]},{"value":"Reiseapotheke","matchLevel":"none","matchedWords":[]},{"value":"Reisedurchfall","matchLevel":"none","matchedWords":[]},{"value":"Durchfall","matchLevel":"none","matchedWords":[]},{"value":"reiseapotheke","matchLevel":"none","matchedWords":[]},{"value":"gratis","matchLevel":"none","matchedWords":[]},{"value":"Gratis","matchLevel":"none","matchedWords":[]},{"value":"loperamid","matchLevel":"none","matchedWords":[]},{"value":"Durchfallmittel","matchLevel":"none","matchedWords":[]},{"value":"durchfall akut","matchLevel":"none","matchedWords":[]},{"value":"gegen Durchfall","matchLevel":"none","matchedWords":[]},{"value":"Loperamid","matchLevel":"none","matchedWords":[]},{"value":"Reiseapotheke","matchLevel":"none","matchedWords":[]},{"value":"mittel gegen Durchfall","matchLevel":"none","matchedWords":[]},{"value":"Durchfall Tabletten","matchLevel":"none","matchedWords":[]},{"value":"Reisetabletten","matchLevel":"none","matchedWords":[]},{"value":"Durchfalltabletten","matchLevel":"none","matchedWords":[]},{"value":"loperamid akut","matchLevel":"none","matchedWords":[]},{"value":"Durchfall Medikament","matchLevel":"none","matchedWords":[]},{"value":"akuter Durchfall","matchLevel":"none","matchedWords":[]},{"value":"Reisedurchfall","matchLevel":"none","matchedWords":[]},{"value":"reise","matchLevel":"none","matchedWords":[]},{"value":"reizdarm","matchLevel":"none","matchedWords":[]},{"value":"blähungen","matchLevel":"none","matchedWords":[]},{"value":"magen darm","matchLevel":"none","matchedWords":[]},{"value":"diarrhö","matchLevel":"none","matchedWords":[]},{"value":"durchfall","matchLevel":"none","matchedWords":[]},{"value":"magengeschwüre","matchLevel":"none","matchedWords":[]},{"value":"magenschmerzen","matchLevel":"none","matchedWords":[]},{"value":"reizdarmsyndrom","matchLevel":"none","matchedWords":[]},{"value":"magengeschwür","matchLevel":"none","matchedWords":[]},{"value":"elektrolyt","matchLevel":"none","matchedWords":[]},{"value":"reiseapotheke","matchLevel":"none","matchedWords":[]},{"value":"diarrhoe","matchLevel":"none","matchedWords":[]},{"value":"probiotika","matchLevel":"none","matchedWords":[]},{"value":"imodium","matchLevel":"none","matchedWords":[]},{"value":"magenkrämpfe","matchLevel":"none","matchedWords":[]}],"brand":{"name":{"value":"Imodium","matchLevel":"none","matchedWords":[]},"readable_id":{"value":"9NYRMPZ0","matchLevel":"none","matchedWords":[]}},"pzn_trimmed_zeros":{"value":"1689854","matchLevel":"none","matchedWords":[]}},"_rankingInfo":{"nbTypos":0,"firstMatchedWord":0,"proximityDistance":0,"userScore":76,"geoDistance":0,"geoPrecision":1,"nbExactWords":0,"words":0,"filters":2}},{"product_id":"a223f72f-2d7c-482b-89c5-b3c3cd530cb3","lazy_id":"01479157","product_group_id":"a223f72f-2d7c-482b-89c5-b3c3cd530cb3","readable_id":"FX5NKR8W","ean":null,"slug":"gelomyrtol-forte","name":"GeloMyrtol forte 20 St","medias_v2":[{"resource":"/static/produkte/FX5NKR8W/docmorris/gelomyrtol-forte-20-st-01479157-0-1727121612620493.jpg","position":0,"base_url":"https://statics.docmorris.de"}],"pricing":{"price":10.99,"base_price":"0.55 €/St","recommended_price":15.2,"show_recommended_price":true,"savings_percentage":28,"prescription_types_prices":[{"price":0,"type":"payment_exempt"},{"price":10.99,"type":"private"},{"price":5,"type":"public"}]},"sales_type":"otx","pharmaceutical_properties":{"drug":true,"veterinary_medicament":false,"free_public_prescription":true,"pharmaceutical_form":"Magensaftresistente Weichkapseln","atc_code":"R05CP59","cold_chain":false,"active_ingredients":[],"import_reimport":false,"is_cbd":false},"manufacturer":{"manufacturer_id":"59d246e3-46b2-4b01-a755-68bc76a0ef13","name":"G. Pohl-Boskamp GmbH \u0026 Co. KG"},"attributes":{"eigenschaften":["pflanzlich"],"packaging_size":"20 St"},"brand":{"name":"GeloMyrtol","readable_id":"X8RNLV2T"},"seller":{"seller_id":"6fee4fe5-caf4-485d-9e1a-a3a5808ec912","seller_name":"DocMorris Apotheke","seller_postal_code":"6422","has_same_day_delivery":false},"variant_count":6,"has_stock":true,"category_hierarchy":{"lv0":["Arzneimittel \u0026 Gesundheit"],"lv1":["Arzneimittel \u0026 Gesundheit \u003e Erkältung \u0026 Grippe","Arzneimittel \u0026 Gesundheit \u003e Homöopathie \u0026 Natur"],"lv3":["Arzneimittel \u0026 Gesundheit \u003e Homöopathie \u0026 Natur \u003e Pflanzen- \u0026 Naturtherapie \u003e Erkältung \u0026 Abwehrkräfte","Arzneimittel \u0026 Gesundheit \u003e Erkältung \u0026 Grippe \u003e Schnupfen \u0026 Nasennebenhöhlenentzündung \u003e Schleimlöser","Arzneimittel \u0026 Gesundheit \u003e Erkältung \u0026 Grippe \u003e Husten \u0026 Bronchitis \u003e Hustenstiller"],"lv2":["Arzneimittel \u0026 Gesundheit \u003e Homöopathie \u0026 Natur \u003e Pflanzen- \u0026 Naturtherapie","Arzneimittel \u0026 Gesundheit \u003e Erkältung \u0026 Grippe \u003e Schnupfen \u0026 Nasennebenhöhlenentzündung","Arzneimittel \u0026 Gesundheit \u003e Erkältung \u0026 Grippe \u003e Husten \u0026 Bronchitis","Arzneimittel \u0026 Gesundheit \u003e Erkältung \u0026 Grippe \u003e Pflanzlich \u0026 Homöopathisch","Arzneimittel \u0026 Gesundheit \u003e Erkältung \u0026 Grippe \u003e Grippaler Infekt"]},"rating":{"average_overall":4.73,"total_reviews":1191},"categories_belongs_to":[{"readable_id":"XVH4PLGY","name":"Arzneimittel \u0026 Gesundheit"},{"readable_id":"PY9GWZ6M","name":"Erkältung \u0026 Grippe"},{"readable_id":"28NRKZF5","name":"Erkältung \u0026 Abwehrkräfte"},{"readable_id":"0THFHTYR","name":"Pflanzen- \u0026 Naturtherapie"},{"readable_id":"KGR59GKL","name":"Homöopathie \u0026 Natur"},{"readable_id":"JRNKXGFK","name":"Schnupfen \u0026 Nasennebenhöhlenentzündung"},{"readable_id":"V9M3L4Z7","name":"Husten \u0026 Bronchitis"},{"readable_id":"2Z3TGC5C","name":"Schleimlöser"},{"readable_id":"TG3VY4PT","name":"Pflanzlich \u0026 Homöopathisch"},{"readable_id":"PFRNMVWF","name":"Hustenstiller"},{"readable_id":"W4GC7VL4","name":"Grippaler Infekt"}],"sub_headline":"der pflanzliche Schleimlöser-bei Sinusitis und Bronchitis mit Husten, Schnupfen, Druckkopfschmerz","objectID":"FX5NKR8W_6fee4fe5-caf4-485d-9e1a-a3a5808ec912","_highlightResult":{"lazy_id":{"value":"01479157","matchLevel":"none","matchedWords":[]},"readable_id":{"value":"FX5NKR8W","matchLevel":"none","matchedWords":[]},"name":{"value":"GeloMyrtol forte 20 St","matchLevel":"none","matchedWords":[]},"manufacturer":{"name":{"value":"G. Pohl-Boskamp GmbH \u0026 Co. KG","matchLevel":"none","matchedWords":[]}},"keywords":[{"value":"Nasennebenhöhlenentzündung","matchLevel":"none","matchedWords":[]},{"value":"Nasennebenhöhlenentzündungen","matchLevel":"none","matchedWords":[]},{"value":"akute Nasennebenhöhlenentzündung","matchLevel":"none","matchedWords":[]},{"value":"akute Sinusitis","matchLevel":"none","matchedWords":[]},{"value":"sinusitis","matchLevel":"none","matchedWords":[]},{"value":"Schleimlöser","matchLevel":"none","matchedWords":[]},{"value":"Husten","matchLevel":"none","matchedWords":[]},{"value":"Bronchitis","matchLevel":"none","matchedWords":[]},{"value":"abhusten","matchLevel":"none","matchedWords":[]},{"value":"gelo","matchLevel":"none","matchedWords":[]},{"value":"inhalieren","matchLevel":"none","matchedWords":[]},{"value":"schleimlösung","matchLevel":"none","matchedWords":[]},{"value":"erkältung","matchLevel":"none","matchedWords":[]},{"value":"sinusitis","matchLevel":"none","matchedWords":[]},{"value":"hustenmittel","matchLevel":"none","matchedWords":[]},{"value":"nasennebenhöhlenentzündung","matchLevel":"none","matchedWords":[]},{"value":"eukalyptus","matchLevel":"none","matchedWords":[]},{"value":"husten","matchLevel":"none","matchedWords":[]},{"value":"copd","matchLevel":"none","matchedWords":[]},{"value":"schleimlöser","matchLevel":"none","matchedWords":[]},{"value":"hustenstiller","matchLevel":"none","matchedWords":[]},{"value":"schnupfen","matchLevel":"none","matchedWords":[]},{"value":"schleimlöser","matchLevel":"none","matchedWords":[]},{"value":"hustenlöser","matchLevel":"none","matchedWords":[]},{"value":"bronchitis","matchLevel":"none","matchedWords":[]},{"value":"Infekt","matchLevel":"none","matchedWords":[]},{"value":"pflanzlicher Schleimlöser","matchLevel":"none","matchedWords":[]},{"value":"Nasennebenhöhlen","matchLevel":"none","matchedWords":[]},{"value":"Rhinitis","matchLevel":"none","matchedWords":[]},{"value":"Bronchien","matchLevel":"none","matchedWords":[]},{"value":"Erkältung","matchLevel":"none","matchedWords":[]},{"value":"verstopfte Nase","matchLevel":"none","matchedWords":[]},{"value":"Sinusitis","matchLevel":"none","matchedWords":[]},{"value":"Eukalyptos","matchLevel":"none","matchedWords":[]},{"value":"Druckkopfschmerz","matchLevel":"none","matchedWords":[]},{"value":"trockener Husten","matchLevel":"none","matchedWords":[]},{"value":"Schnupfen","matchLevel":"none","matchedWords":[]},{"value":"Bronchitis","matchLevel":"none","matchedWords":[]},{"value":"verstopfte Nase","matchLevel":"none","matchedWords":[]},{"value":"Schleimlöser","matchLevel":"none","matchedWords":[]},{"value":"Eukalyptos","matchLevel":"none","matchedWords":[]},{"value":"trockener Husten","matchLevel":"none","matchedWords":[]},{"value":"Rhinitis","matchLevel":"none","matchedWords":[]},{"value":"Druckkopfschmerz","matchLevel":"none","matchedWords":[]},{"value":"pflanzlicher Schleimlöser","matchLevel":"none","matchedWords":[]},{"value":"Infekt","matchLevel":"none","matchedWords":[]},{"value":"Bronchien","matchLevel":"none","matchedWords":[]},{"value":"Sinusitis","matchLevel":"none","matchedWords":[]},{"value":"Eukalyptus","matchLevel":"none","matchedWords":[]},{"value":"Erkältungsmedikament","matchLevel":"none","matchedWords":[]},{"value":"Hustenlöser","matchLevel":"none","matchedWords":[]},{"value":"Erkältungsmittel","matchLevel":"none","matchedWords":[]},{"value":"Atemwege","matchLevel":"none","matchedWords":[]},{"value":"Husten","matchLevel":"none","matchedWords":[]},{"value":"Grippe","matchLevel":"none","matchedWords":[]},{"value":"grippaler Infekt","matchLevel":"none","matchedWords":[]},{"value":"Mandelentzündung","matchLevel":"none","matchedWords":[]}],"brand":{"name":{"value":"GeloMyrtol","matchLevel":"none","matchedWords":[]},"readable_id":{"value":"X8RNLV2T","matchLevel":"none","matchedWords":[]}},"pzn_trimmed_zeros":{"value":"1479157","matchLevel":"none","matchedWords":[]}},"_rankingInfo":{"nbTypos":0,"firstMatchedWord":0,"proximityDistance":0,"userScore":75,"geoDistance":0,"geoPrecision":1,"nbExactWords":0,"words":0,"filters":2}},{"product_id":"f2c22593-bf6a-42bb-aa24-bf8505d5170c","lazy_id":"17268563","product_group_id":"f2c22593-bf6a-42bb-aa24-bf8505d5170c","readable_id":"LG0TAW3U","ean":null,"slug":"minoxidil-doppelherzpharma-50-mgml-loesung","name":"MINOXIDIL DoppelherzPharma 50 mg/ml Lösung 3X60 ml","medias_v2":[{"resource":"/static/produkte/LG0TAW3U/docmorris/minoxidil-doppelherzpharma-50-mg-ml-loesung-180-ml-17268563-0-1741809633275951.png","position":0,"base_url":"https://statics.docmorris.de"}],"pricing":{"price":35.99,"base_price":"199.94 €/l","recommended_price":46.96,"show_recommended_price":true,"savings_percentage":23,"prescription_types_prices":[{"price":0,"type":"payment_exempt"},{"price":35.99,"type":"private"},{"price":5,"type":"public"}]},"sales_type":"otc","pharmaceutical_properties":{"drug":true,"veterinary_medicament":false,"free_public_prescription":true,"pharmaceutical_form":"Lösung","atc_code":"D11AX01","cold_chain":false,"active_ingredients":["Minoxidil"],"import_reimport":false,"is_cbd":false},"manufacturer":{"manufacturer_id":"352a6324-eac4-4b60-8af4-78392baa1588","name":"Queisser Pharma GmbH \u0026 Co. KG"},"attributes":{"packaging_size":"3X60 ml"},"brand":{"name":"Doppelherz","readable_id":"FK6KVXFV"},"seller":{"seller_id":"6fee4fe5-caf4-485d-9e1a-a3a5808ec912","seller_name":"DocMorris Apotheke","seller_postal_code":"6422","has_same_day_delivery":false},"variant_count":2,"has_stock":true,"category_hierarchy":{"lv0":["Arzneimittel \u0026 Gesundheit","Beauty \u0026 Pflege","Vitamine, Sport \u0026 Ernährung"],"lv3":["Beauty \u0026 Pflege \u003e Haare \u003e Nach Haartyp \u003e Mittel gegen Haarausfall"],"lv2":["Beauty \u0026 Pflege \u003e Haare \u003e Nach Haartyp","Beauty \u0026 Pflege \u003e Haare \u003e Für Männer","Arzneimittel \u0026 Gesundheit \u003e Männergesundheit \u003e Haarausfall","Arzneimittel \u0026 Gesundheit \u003e Haut, Haare \u0026 Nägel \u003e Haarausfall"],"lv1":["Beauty \u0026 Pflege \u003e Haare","Arzneimittel \u0026 Gesundheit \u003e Männergesundheit","Arzneimittel \u0026 Gesundheit \u003e Haut, Haare \u0026 Nägel","Vitamine, Sport \u0026 Ernährung \u003e Nahrungsergänzung"]},"rating":{"average_overall":3.79,"total_reviews":14},"categories_belongs_to":[{"readable_id":"XVH4PLGY","name":"Arzneimittel \u0026 Gesundheit"},{"readable_id":"9KGZK856","name":"Mittel gegen Haarausfall"},{"readable_id":"G9TN146F","name":"Nach Haartyp"},{"readable_id":"0LCXH89C","name":"Haare"},{"readable_id":"W1V3K6LG","name":"Beauty \u0026 Pflege"},{"readable_id":"457J17YH","name":"Für Männer"},{"readable_id":"PX67HNJ5","name":"Männergesundheit"},{"readable_id":"TJ17R1WH","name":"Haut, Haare \u0026 Nägel"},{"readable_id":"XHT9FGPM","name":"Haarausfall"},{"readable_id":"0NCP8X85","name":"Haarausfall"},{"readable_id":"KFVND","name":"Nahrungsergänzung"},{"readable_id":"7TPHZ61C","name":"Vitamine, Sport \u0026 Ernährung"}],"sub_headline":"Behandlung von erblich bedingtem Haarausfall mit Minoxidil","objectID":"LG0TAW3U_6fee4fe5-caf4-485d-9e1a-a3a5808ec912","_highlightResult":{"lazy_id":{"value":"17268563","matchLevel":"none","matchedWords":[]},"readable_id":{"value":"LG0TAW3U","matchLevel":"none","matchedWords":[]},"name":{"value":"MINOXIDIL DoppelherzPharma 50 mg/ml Lösung 3X60 ml","matchLevel":"none","matchedWords":[]},"pharmaceutical_properties":{"active_ingredients":[{"value":"Minoxidil","matchLevel":"none","matchedWords":[]}]},"manufacturer":{"name":{"value":"Queisser Pharma GmbH \u0026 Co. KG","matchLevel":"none","matchedWords":[]}},"keywords":[{"value":"Kopfhaut","matchLevel":"none","matchedWords":[]},{"value":"Haarausfall","matchLevel":"none","matchedWords":[]},{"value":"Haarwachstum","matchLevel":"none","matchedWords":[]},{"value":"für Männer","matchLevel":"none","matchedWords":[]},{"value":"Minoxidil","matchLevel":"none","matchedWords":[]},{"value":"anlagebedingter Haarausfall","matchLevel":"none","matchedWords":[]}],"brand":{"name":{"value":"Doppelherz","matchLevel":"none","matchedWords":[]},"readable_id":{"value":"FK6KVXFV","matchLevel":"none","matchedWords":[]}},"pzn_trimmed_zeros":{"value":"17268563","matchLevel":"none","matchedWords":[]}},"_rankingInfo":{"nbTypos":0,"firstMatchedWord":0,"proximityDistance":0,"userScore":74,"geoDistance":0,"geoPrecision":1,"nbExactWords":0,"words":0,"filters":2}},{"product_id":"0725af71-35a3-40e3-bd84-14a074f1fc8f","lazy_id":"06718342","product_group_id":"0725af71-35a3-40e3-bd84-14a074f1fc8f","readable_id":"FX566QTS","ean":null,"slug":"paracetamol-al-500","name":"Paracetamol AL 500 20 St","medias_v2":[{"resource":"/static/produkte/FX566QTS/docmorris/paracetamol-al-500-20-st-06718342-0-1755892847120961.jpg","position":0,"base_url":"https://statics.docmorris.de"}],"pricing":{"price":1.19,"base_price":"0.06 €/St","recommended_price":2.15,"show_recommended_price":true,"savings_percentage":45,"prescription_types_prices":[{"price":0,"type":"payment_exempt"},{"price":1.19,"type":"private"},{"price":2.15,"type":"public"}]},"sales_type":"otx","pharmaceutical_properties":{"drug":true,"veterinary_medicament":false,"free_public_prescription":true,"pharmaceutical_form":"Tabletten","atc_code":"N02BE01","cold_chain":false,"active_ingredients":["Paracetamol"],"import_reimport":false,"is_cbd":false},"manufacturer":{"manufacturer_id":"cfd39936-1931-4097-9348-111e45ef1b8d","name":"ALIUD Pharma GmbH"},"attributes":{"eigenschaften":["duftstofffrei","frei von Soja","parabenfrei","laktosefrei","glutenfrei"],"alter_2":["Jahre"],"filterfarbe":["Weiss"],"alter_1":["4"],"packaging_size":"20 St"},"brand":{"name":"Aliud Pharma","readable_id":"VPZNK396"},"seller":{"seller_id":"6fee4fe5-caf4-485d-9e1a-a3a5808ec912","seller_name":"DocMorris Apotheke","seller_postal_code":"6422","has_same_day_delivery":false},"variant_count":2,"has_stock":true,"category_hierarchy":{"lv3":["Arzneimittel \u0026 Gesundheit \u003e Schmerzmittel \u003e Schmerzmittel nach Wirkstoff \u003e Paracetamol"],"lv2":["Arzneimittel \u0026 Gesundheit \u003e Schmerzmittel \u003e Schmerzmittel nach Wirkstoff"],"lv1":["Arzneimittel \u0026 Gesundheit \u003e Schmerzmittel"],"lv0":["Arzneimittel \u0026 Gesundheit"]},"rating":{"average_overall":4.73,"total_reviews":255},"categories_belongs_to":[{"readable_id":"ZNLWR32V","name":"Paracetamol"},{"readable_id":"Y01V1ZJZ","name":"Schmerzmittel nach Wirkstoff"},{"readable_id":"L1WPMT3G","name":"Schmerzmittel"},{"readable_id":"XVH4PLGY","name":"Arzneimittel \u0026 Gesundheit"}],"sub_headline":"Schmerzmittel bei leichten bis mäßig starken Kopf-, Zahn-, Regelschmerzen und Fieber, magenfreundlich","objectID":"FX566QTS_6fee4fe5-caf4-485d-9e1a-a3a5808ec912","_highlightResult":{"lazy_id":{"value":"06718342","matchLevel":"none","matchedWords":[]},"readable_id":{"value":"FX566QTS","matchLevel":"none","matchedWords":[]},"name":{"value":"Paracetamol AL 500 20 St","matchLevel":"none","matchedWords":[]},"pharmaceutical_properties":{"active_ingredients":[{"value":"Paracetamol","matchLevel":"none","matchedWords":[]}]},"manufacturer":{"name":{"value":"ALIUD Pharma GmbH","matchLevel":"none","matchedWords":[]}},"keywords":[{"value":"Paracetamol 500 mg","matchLevel":"none","matchedWords":[]},{"value":"Schmerzlinderung","matchLevel":"none","matchedWords":[]},{"value":"grippale Infekte","matchLevel":"none","matchedWords":[]},{"value":"Fieber Tabletten","matchLevel":"none","matchedWords":[]},{"value":"Schmerztabletten fiebersenkend","matchLevel":"none","matchedWords":[]},{"value":"Schmerztablette","matchLevel":"none","matchedWords":[]},{"value":"Kopfschmerztabletten","matchLevel":"none","matchedWords":[]},{"value":"Rückenschmerzen","matchLevel":"none","matchedWords":[]},{"value":"Rückenschmerz","matchLevel":"none","matchedWords":[]},{"value":"Schmerzen","matchLevel":"none","matchedWords":[]},{"value":"Tabletten gegen Fieber","matchLevel":"none","matchedWords":[]}],"brand":{"name":{"value":"Aliud Pharma","matchLevel":"none","matchedWords":[]},"readable_id":{"value":"VPZNK396","matchLevel":"none","matchedWords":[]}},"pzn_trimmed_zeros":{"value":"6718342","matchLevel":"none","matchedWords":[]}},"_rankingInfo":{"nbTypos":0,"firstMatchedWord":0,"proximityDistance":0,"userScore":73,"geoDistance":0,"geoPrecision":1,"nbExactWords":0,"words":0,"filters":2}},{"product_id":"23d08470-ca34-4f3e-9025-572522b556ab","lazy_id":"00999854","product_group_id":"23d08470-ca34-4f3e-9025-572522b556ab","readable_id":"FX5RXB9F","ean":null,"slug":"nasenspray-ratiopharm-kinder-konservierungsmittelfrei","name":"Nasenspray ratiopharm Kinder konservierungsmittelfrei 10 ml","medias_v2":[{"resource":"/static/produkte/FX5RXB9F/docmorris/nasenspray-ratiopharm-kinder-konservierungsmittelf-00999854-0-1713968231356329.jpeg","position":0,"base_url":"https://statics.docmorris.de"}],"pricing":{"price":2.79,"base_price":"279.00 €/l","recommended_price":4.24,"show_recommended_price":true,"savings_percentage":34,"prescription_types_prices":[{"price":2.3,"type":"payment_exempt"},{"price":2.79,"type":"private"},{"price":4.24,"type":"public"}]},"sales_type":"otx","pharmaceutical_properties":{"drug":true,"veterinary_medicament":false,"free_public_prescription":true,"pharmaceutical_form":"Nasenspray","atc_code":"R01AA07","cold_chain":false,"active_ingredients":[],"import_reimport":false,"is_cbd":false},"manufacturer":{"manufacturer_id":"098703c1-0a96-4282-86a7-9702f18659e2","name":"ratiopharm GmbH"},"attributes":{"packaging_size":"10 ml"},"brand":{"name":"Ratiopharm","readable_id":"G5MR9X0Z"},"seller":{"seller_id":"6fee4fe5-caf4-485d-9e1a-a3a5808ec912","seller_name":"DocMorris Apotheke","seller_postal_code":"6422","has_same_day_delivery":false},"variant_count":2,"has_stock":true,"category_hierarchy":{"lv0":["Arzneimittel \u0026 Gesundheit","Kinder \u0026 Familie"],"lv3":["Arzneimittel \u0026 Gesundheit \u003e Erkältung \u0026 Grippe \u003e Schnupfen \u0026 Nasennebenhöhlenentzündung \u003e Nasensprays"],"lv2":["Arzneimittel \u0026 Gesundheit \u003e Erkältung \u0026 Grippe \u003e Schnupfen \u0026 Nasennebenhöhlenentzündung","Kinder \u0026 Familie \u003e Baby \u0026 Kind \u003e Schnupfen","Arzneimittel \u0026 Gesundheit \u003e Erkältung \u0026 Grippe \u003e Grippaler Infekt"],"lv1":["Arzneimittel \u0026 Gesundheit \u003e Erkältung \u0026 Grippe","Kinder \u0026 Familie \u003e Baby \u0026 Kind"]},"rating":{"average_overall":4.83,"total_reviews":324},"categories_belongs_to":[{"readable_id":"XVH4PLGY","name":"Arzneimittel \u0026 Gesundheit"},{"readable_id":"GPF2JTG4","name":"Nasensprays"},{"readable_id":"JRNKXGFK","name":"Schnupfen \u0026 Nasennebenhöhlenentzündung"},{"readable_id":"PY9GWZ6M","name":"Erkältung \u0026 Grippe"},{"readable_id":"Z193X952","name":"Kinder \u0026 Familie"},{"readable_id":"YMC66T33","name":"Schnupfen"},{"readable_id":"74TVZRY4","name":"Baby \u0026 Kind"},{"readable_id":"W4GC7VL4","name":"Grippaler Infekt"}],"sub_headline":"Konservierungsmittelfreies Nasenspray zur Linderung einer verstopften Nase","objectID":"FX5RXB9F_6fee4fe5-caf4-485d-9e1a-a3a5808ec912","_highlightResult":{"lazy_id":{"value":"00999854","matchLevel":"none","matchedWords":[]},"readable_id":{"value":"FX5RXB9F","matchLevel":"none","matchedWords":[]},"name":{"value":"Nasenspray ratiopharm Kinder konservierungsmittelfrei 10 ml","matchLevel":"none","matchedWords":[]},"manufacturer":{"name":{"value":"ratiopharm GmbH","matchLevel":"none","matchedWords":[]}},"keywords":[{"value":"Nasenspray","matchLevel":"none","matchedWords":[]},{"value":"Kinder","matchLevel":"none","matchedWords":[]},{"value":"Schnupfen","matchLevel":"none","matchedWords":[]},{"value":"Nasenschleimhaut","matchLevel":"none","matchedWords":[]},{"value":"Nasennebenhöhlenentzündungen","matchLevel":"none","matchedWords":[]},{"value":"Erkältung Kind","matchLevel":"none","matchedWords":[]},{"value":"nasenspray kinder","matchLevel":"none","matchedWords":[]},{"value":"kinder nasenspray","matchLevel":"none","matchedWords":[]}],"brand":{"name":{"value":"Ratiopharm","matchLevel":"none","matchedWords":[]},"readable_id":{"value":"G5MR9X0Z","matchLevel":"none","matchedWords":[]}},"pzn_trimmed_zeros":{"value":"999854","matchLevel":"none","matchedWords":[]}},"_rankingInfo":{"nbTypos":0,"firstMatchedWord":0,"proximityDistance":0,"userScore":72,"geoDistance":0,"geoPrecision":1,"nbExactWords":0,"words":0,"filters":2}},{"product_id":"01a02229-5458-400e-96f8-7adf38ed04f3","lazy_id":"09100275","product_group_id":"01a02229-5458-400e-96f8-7adf38ed04f3","readable_id":"FX5M8VWS","ean":null,"slug":"regaine-maenner-schaum-mit-minoxidil","name":"Regaine Männer Schaum mit Minoxidil 3X60 ml","medias_v2":[{"resource":"/static/produkte/FX5M8VWS/docmorris/regaine-maenner-schaum-mit-minoxidil-3x60-ml-09100275-0-1757325595971855.jpg","position":0,"base_url":"https://statics.docmorris.de"}],"pricing":{"price":61.49,"base_price":"341.61 €/l","recommended_price":81.98,"show_recommended_price":true,"savings_percentage":25,"prescription_types_prices":[{"price":0,"type":"payment_exempt"},{"price":61.49,"type":"private"},{"price":8.2,"type":"public"}]},"sales_type":"otc","pharmaceutical_properties":{"drug":true,"veterinary_medicament":false,"free_public_prescription":true,"pharmaceutical_form":"Schaum","atc_code":"D11AX01","cold_chain":false,"active_ingredients":["Minoxidil"],"import_reimport":false,"is_cbd":false},"manufacturer":{"manufacturer_id":"43af5ca8-54d6-415d-937c-764ecbbc8afb","name":"Kenvue Germany GmbH (OTC)"},"attributes":{"eigenschaften":["ohne Konservierungsstoffe","duftstofffrei","zuckerfrei","alkoholfrei","frei von Soja","frei von Nüssen","laktosefrei","glutenfrei","ohne künstliche Farbstoffe"],"packaging_size":"3X60 ml"},"brand":{"name":"Regaine","readable_id":"TCGCHX5M"},"seller":{"seller_id":"6fee4fe5-caf4-485d-9e1a-a3a5808ec912","seller_name":"DocMorris Apotheke","seller_postal_code":"6422","has_same_day_delivery":false},"variant_count":4,"has_stock":true,"category_hierarchy":{"lv3":["Beauty \u0026 Pflege \u003e Haare \u003e Nach Haartyp \u003e Mittel gegen Haarausfall"],"lv2":["Beauty \u0026 Pflege \u003e Haare \u003e Nach Haartyp","Arzneimittel \u0026 Gesundheit \u003e Männergesundheit \u003e Haarausfall","Arzneimittel \u0026 Gesundheit \u003e Haut, Haare \u0026 Nägel \u003e Haarausfall"],"lv1":["Beauty \u0026 Pflege \u003e Haare","Arzneimittel \u0026 Gesundheit \u003e Männergesundheit","Arzneimittel \u0026 Gesundheit \u003e Haut, Haare \u0026 Nägel"],"lv0":["Beauty \u0026 Pflege","Arzneimittel \u0026 Gesundheit"]},"rating":{"average_overall":4.43,"total_reviews":191},"categories_belongs_to":[{"readable_id":"9KGZK856","name":"Mittel gegen Haarausfall"},{"readable_id":"G9TN146F","name":"Nach Haartyp"},{"readable_id":"0LCXH89C","name":"Haare"},{"readable_id":"W1V3K6LG","name":"Beauty \u0026 Pflege"},{"readable_id":"XHT9FGPM","name":"Haarausfall"},{"readable_id":"PX67HNJ5","name":"Männergesundheit"},{"readable_id":"XVH4PLGY","name":"Arzneimittel \u0026 Gesundheit"},{"readable_id":"0NCP8X85","name":"Haarausfall"},{"readable_id":"TJ17R1WH","name":"Haut, Haare \u0026 Nägel"}],"sub_headline":"Bekämpft Haarausfall effektiv in 12 Wochen mit praktischem Schaumformat","objectID":"FX5M8VWS_6fee4fe5-caf4-485d-9e1a-a3a5808ec912","_highlightResult":{"lazy_id":{"value":"09100275","matchLevel":"none","matchedWords":[]},"readable_id":{"value":"FX5M8VWS","matchLevel":"none","matchedWords":[]},"name":{"value":"Regaine Männer Schaum mit Minoxidil 3X60 ml","matchLevel":"none","matchedWords":[]},"pharmaceutical_properties":{"active_ingredients":[{"value":"Minoxidil","matchLevel":"none","matchedWords":[]}]},"manufacturer":{"name":{"value":"Kenvue Germany GmbH (OTC)","matchLevel":"none","matchedWords":[]}},"keywords":[{"value":"Haarausfall","matchLevel":"none","matchedWords":[]},{"value":"Männer","matchLevel":"none","matchedWords":[]},{"value":"Schaum","matchLevel":"none","matchedWords":[]},{"value":"erblich bedingter","matchLevel":"none","matchedWords":[]},{"value":"Haarwurzeln","matchLevel":"none","matchedWords":[]},{"value":"Blutgefäße","matchLevel":"none","matchedWords":[]},{"value":"Haarwachstum","matchLevel":"none","matchedWords":[]},{"value":"Minoxidil","matchLevel":"none","matchedWords":[]},{"value":"Kopfhaut","matchLevel":"none","matchedWords":[]},{"value":"Haarverlust","matchLevel":"none","matchedWords":[]},{"value":"androgenetische Alopezie","matchLevel":"none","matchedWords":[]},{"value":"Tonsurbereich","matchLevel":"none","matchedWords":[]},{"value":"Haarstyling","matchLevel":"none","matchedWords":[]},{"value":"12 Wochen","matchLevel":"none","matchedWords":[]},{"value":"Anwendungshäufigkeit","matchLevel":"none","matchedWords":[]}],"brand":{"name":{"value":"Regaine","matchLevel":"none","matchedWords":[]},"readable_id":{"value":"TCGCHX5M","matchLevel":"none","matchedWords":[]}},"pzn_trimmed_zeros":{"value":"9100275","matchLevel":"none","matchedWords":[]}},"_rankingInfo":{"nbTypos":0,"firstMatchedWord":0,"proximityDistance":0,"userScore":71,"geoDistance":0,"geoPrecision":1,"nbExactWords":0,"words":0,"filters":2}},{"product_id":"979241d0-5bd2-4945-92ee-fe28b0486939","lazy_id":"04274616","product_group_id":"979241d0-5bd2-4945-92ee-fe28b0486939","readable_id":"FX58TLEU","ean":null,"slug":"vomex-a-dragees","name":"Vomex A Dragees 20 St","medias_v2":[{"resource":"/static/produkte/FX58TLEU/docmorris/vomex-a-dragees-20-st-04274616-0-1721678426138338.jpg","position":0,"base_url":"https://statics.docmorris.de"}],"pricing":{"price":6.79,"base_price":"0.34 €/St","recommended_price":9.34,"show_recommended_price":true,"savings_percentage":27,"prescription_types_prices":[{"price":4.62,"type":"payment_exempt"},{"price":6.79,"type":"private"},{"price":9.34,"type":"public"}]},"sales_type":"otx","pharmaceutical_properties":{"drug":true,"veterinary_medicament":false,"free_public_prescription":true,"pharmaceutical_form":"Überzogene Tabletten","atc_code":"A04AB02","cold_chain":false,"active_ingredients":["Dimenhydrinat"],"import_reimport":false,"is_cbd":false},"manufacturer":{"manufacturer_id":"6c0d9a8b-1f0b-4d1b-a9c1-334f24fdc4c9","name":"Klinge Pharma GmbH"},"attributes":{"packaging_size":"20 St"},"brand":{"name":"Vomex A","readable_id":"629HG226"},"seller":{"seller_id":"6fee4fe5-caf4-485d-9e1a-a3a5808ec912","seller_name":"DocMorris Apotheke","seller_postal_code":"6422","has_same_day_delivery":false},"variant_count":2,"has_stock":true,"category_hierarchy":{"lv0":["Arzneimittel \u0026 Gesundheit"],"lv2":["Arzneimittel \u0026 Gesundheit \u003e Frauengesundheit \u003e Wechseljahre","Arzneimittel \u0026 Gesundheit \u003e Magen, Darm \u0026 Verdauung \u003e Übelkeit","Arzneimittel \u0026 Gesundheit \u003e Magen, Darm \u0026 Verdauung \u003e Blähungen","Arzneimittel \u0026 Gesundheit \u003e Magen, Darm \u0026 Verdauung \u003e Magen-Darm-Grippe"],"lv1":["Arzneimittel \u0026 Gesundheit \u003e Frauengesundheit","Arzneimittel \u0026 Gesundheit \u003e Magen, Darm \u0026 Verdauung"]},"rating":{"average_overall":4.68,"total_reviews":216},"categories_belongs_to":[{"readable_id":"XVH4PLGY","name":"Arzneimittel \u0026 Gesundheit"},{"readable_id":"XR26G3PG","name":"Wechseljahre"},{"readable_id":"HCFVFP3M","name":"Frauengesundheit"},{"readable_id":"C7GPGT4L","name":"Übelkeit"},{"readable_id":"4N90X2N4","name":"Magen, Darm \u0026 Verdauung"},{"readable_id":"77CXG5CN","name":"Blähungen"},{"readable_id":"8M8KV2VY","name":"Magen-Darm-Grippe"}],"sub_headline":"Zur Prophylaxe und Therapie von Übelkeit und Erbrechen ab 6 Jahren","objectID":"FX58TLEU_6fee4fe5-caf4-485d-9e1a-a3a5808ec912","_highlightResult":{"lazy_id":{"value":"04274616","matchLevel":"none","matchedWords":[]},"readable_id":{"value":"FX58TLEU","matchLevel":"none","matchedWords":[]},"name":{"value":"Vomex A Dragees 20 St","matchLevel":"none","matchedWords":[]},"pharmaceutical_properties":{"active_ingredients":[{"value":"Dimenhydrinat","matchLevel":"none","matchedWords":[]}]},"manufacturer":{"name":{"value":"Klinge Pharma GmbH","matchLevel":"none","matchedWords":[]}},"keywords":[{"value":"Übelkeit","matchLevel":"none","matchedWords":[]},{"value":"Magen-Darm-Beschwerden","matchLevel":"none","matchedWords":[]},{"value":"Blähungen","matchLevel":"none","matchedWords":[]},{"value":"Unwohlsein","matchLevel":"none","matchedWords":[]},{"value":"NorovirusDurchfall","matchLevel":"none","matchedWords":[]},{"value":"Magen-Darm-Grippe","matchLevel":"none","matchedWords":[]},{"value":"Rotavirus","matchLevel":"none","matchedWords":[]},{"value":"Magendarm-Infektionen","matchLevel":"none","matchedWords":[]},{"value":"Erbrechen","matchLevel":"none","matchedWords":[]},{"value":"Prävention","matchLevel":"none","matchedWords":[]},{"value":"Völlegefühl","matchLevel":"none","matchedWords":[]},{"value":"Magendarm Infektionen","matchLevel":"none","matchedWords":[]},{"value":"Magen Darm Grippe","matchLevel":"none","matchedWords":[]},{"value":"Magen Darm Beschwerden","matchLevel":"none","matchedWords":[]},{"value":"übelkeit","matchLevel":"none","matchedWords":[]},{"value":"Brechreiz","matchLevel":"none","matchedWords":[]},{"value":"magen darm","matchLevel":"none","matchedWords":[]},{"value":"Hausapotheke","matchLevel":"none","matchedWords":[]},{"value":"magen darm infekt","matchLevel":"none","matchedWords":[]},{"value":"Reiseapotheke","matchLevel":"none","matchedWords":[]},{"value":"Migräneübelkeit","matchLevel":"none","matchedWords":[]},{"value":"Vomex","matchLevel":"none","matchedWords":[]},{"value":"Medikament Übelkeit","matchLevel":"none","matchedWords":[]},{"value":"Medikament Erbrechen","matchLevel":"none","matchedWords":[]},{"value":"Kinetose","matchLevel":"none","matchedWords":[]},{"value":"Reiseübelkeit","matchLevel":"none","matchedWords":[]},{"value":"Migräne","matchLevel":"none","matchedWords":[]},{"value":"Übelkeit Migräne","matchLevel":"none","matchedWords":[]},{"value":"Magen Darm Medikament","matchLevel":"none","matchedWords":[]},{"value":"Antihistaminika","matchLevel":"none","matchedWords":[]},{"value":"Übelkeit Flugzeug","matchLevel":"none","matchedWords":[]},{"value":"Seekrank Medikament","matchLevel":"none","matchedWords":[]},{"value":"Seekrank","matchLevel":"none","matchedWords":[]},{"value":"Seekrankheit","matchLevel":"none","matchedWords":[]},{"value":"Stress Übelkeit","matchLevel":"none","matchedWords":[]},{"value":"Mittel gegen Reiseübelkeit","matchLevel":"none","matchedWords":[]},{"value":"Übelkeit beim Autofahren","matchLevel":"none","matchedWords":[]},{"value":"Gegen Reiseübelkeit","matchLevel":"none","matchedWords":[]},{"value":"Mittel gegen Übelkeit","matchLevel":"none","matchedWords":[]},{"value":"Übelkeit Suppositorien","matchLevel":"none","matchedWords":[]},{"value":"Übelkeit Kinder","matchLevel":"none","matchedWords":[]},{"value":"Übelkeit Medikament Rezeptfrei","matchLevel":"none","matchedWords":[]},{"value":"Medikament Übelkeit","matchLevel":"none","matchedWords":[]},{"value":"Reiseübelkeit Medikament","matchLevel":"none","matchedWords":[]},{"value":"Dimenhydrinat","matchLevel":"none","matchedWords":[]},{"value":"Vomacur","matchLevel":"none","matchedWords":[]},{"value":"Schwindel","matchLevel":"none","matchedWords":[]}],"brand":{"name":{"value":"Vomex A","matchLevel":"none","matchedWords":[]},"readable_id":{"value":"629HG226","matchLevel":"none","matchedWords":[]}},"pzn_trimmed_zeros":{"value":"4274616","matchLevel":"none","matchedWords":[]}},"_rankingInfo":{"nbTypos":0,"firstMatchedWord":0,"proximityDistance":0,"userScore":70,"geoDistance":0,"geoPrecision":1,"nbExactWords":0,"words":0,"filters":2}},{"product_id":"bed83d0e-42a4-4771-a589-c2ada27c061c","lazy_id":"16197884","product_group_id":"b1c08113-60e5-4f19-8039-79908dd619b5","readable_id":"FX5E7EPM","ean":null,"slug":"ibu-lysin-ratiopharm-400-mg-mit-ibuprofen","name":"IBU LYSIN ratiopharm 400 mg mit Ibuprofen 50 St","medias_v2":[{"resource":"/static/produkte/FX5E7EPM/docmorris/ibu-lysin-ratiopharm-400-mg-mit-ibuprofen-50-st-16197884-0-1729601498227971.jpeg","position":0,"base_url":"https://statics.docmorris.de"}],"pricing":{"price":10.89,"base_price":"0.22 €/St","recommended_price":21.8,"show_recommended_price":true,"savings_percentage":50,"prescription_types_prices":[{"price":10.3,"type":"payment_exempt"},{"price":10.89,"type":"private"},{"price":15.3,"type":"public"}]},"sales_type":"otx","pharmaceutical_properties":{"drug":true,"veterinary_medicament":false,"free_public_prescription":true,"pharmaceutical_form":"Filmtabletten","atc_code":"M01AE01","cold_chain":false,"active_ingredients":[],"import_reimport":false,"is_cbd":false},"manufacturer":{"manufacturer_id":"098703c1-0a96-4282-86a7-9702f18659e2","name":"ratiopharm GmbH"},"attributes":{"packaging_size":"50 St"},"brand":{"name":"Ratiopharm","readable_id":"G5MR9X0Z"},"seller":{"seller_id":"6fee4fe5-caf4-485d-9e1a-a3a5808ec912","seller_name":"DocMorris Apotheke","seller_postal_code":"6422","has_same_day_delivery":false},"variant_count":3,"has_stock":true,"category_hierarchy":{"lv2":["Arzneimittel \u0026 Gesundheit \u003e Mund- \u0026 Zahngesundheit \u003e Zahnschmerzen","Arzneimittel \u0026 Gesundheit \u003e Schmerzmittel \u003e Schmerzmittel nach Wirkstoff","Arzneimittel \u0026 Gesundheit \u003e Schmerzmittel \u003e Rückenschmerzen","Arzneimittel \u0026 Gesundheit \u003e Schmerzmittel \u003e Regelschmerzen","Arzneimittel \u0026 Gesundheit \u003e Schmerzmittel \u003e Kopfschmerzen \u0026 Migräne"],"lv1":["Arzneimittel \u0026 Gesundheit \u003e Mund- \u0026 Zahngesundheit","Arzneimittel \u0026 Gesundheit \u003e Schmerzmittel","Arzneimittel \u0026 Gesundheit \u003e Erkältung \u0026 Grippe"],"lv0":["Arzneimittel \u0026 Gesundheit"],"lv3":["Arzneimittel \u0026 Gesundheit \u003e Schmerzmittel \u003e Schmerzmittel nach Wirkstoff \u003e Ibuprofen"]},"rating":{"average_overall":4.82,"total_reviews":259},"categories_belongs_to":[{"readable_id":"VY095WC0","name":"Zahnschmerzen"},{"readable_id":"FT4R5LXK","name":"Mund- \u0026 Zahngesundheit"},{"readable_id":"XVH4PLGY","name":"Arzneimittel \u0026 Gesundheit"},{"readable_id":"L1WPMT3G","name":"Schmerzmittel"},{"readable_id":"PY9GWZ6M","name":"Erkältung \u0026 Grippe"},{"readable_id":"LN2XV15C","name":"Ibuprofen"},{"readable_id":"Y01V1ZJZ","name":"Schmerzmittel nach Wirkstoff"},{"readable_id":"6WCJ6V2X","name":"Rückenschmerzen"},{"readable_id":"H9J54TM7","name":"Regelschmerzen"},{"readable_id":"TKJHPYYR","name":"Kopfschmerzen \u0026 Migräne"}],"sub_headline":"Schnelle Hilfe bei Kopf-, Zahn- und Menstruationsschmerzen nach 15 Minuten","objectID":"FX5E7EPM_6fee4fe5-caf4-485d-9e1a-a3a5808ec912","_highlightResult":{"lazy_id":{"value":"16197884","matchLevel":"none","matchedWords":[]},"readable_id":{"value":"FX5E7EPM","matchLevel":"none","matchedWords":[]},"name":{"value":"IBU LYSIN ratiopharm 400 mg mit Ibuprofen 50 St","matchLevel":"none","matchedWords":[]},"manufacturer":{"name":{"value":"ratiopharm GmbH","matchLevel":"none","matchedWords":[]}},"keywords":[{"value":"ibuprofen","matchLevel":"none","matchedWords":[]},{"value":"rückenschmerzen","matchLevel":"none","matchedWords":[]},{"value":"fieber","matchLevel":"none","matchedWords":[]},{"value":"halsschmerzen","matchLevel":"none","matchedWords":[]},{"value":"kopfschmerz","matchLevel":"none","matchedWords":[]},{"value":"kopfschmerzen","matchLevel":"none","matchedWords":[]},{"value":"migräne","matchLevel":"none","matchedWords":[]},{"value":"schmerzmittel","matchLevel":"none","matchedWords":[]},{"value":"lysin","matchLevel":"none","matchedWords":[]}],"brand":{"name":{"value":"Ratiopharm","matchLevel":"none","matchedWords":[]},"readable_id":{"value":"G5MR9X0Z","matchLevel":"none","matchedWords":[]}},"pzn_trimmed_zeros":{"value":"16197884","matchLevel":"none","matchedWords":[]}},"_rankingInfo":{"nbTypos":0,"firstMatchedWord":0,"proximityDistance":0,"userScore":69,"geoDistance":0,"geoPrecision":1,"nbExactWords":0,"words":0,"filters":2}}],"userData":[{"banner":{"title":"Dolo-Dobendan \u0026 Nurofen","IMG_url":"https://statics.docmorris-plus.de/static/docmorris/cms/d_16972_reckitt_mix_hero_cb03cafa0f.webp","link":"https://www.docmorris.de/search?query=18065810%2016538233%2012700079"}},{"optionalFilters":["brand_names:DocMorris\u003cscore=1\u003e"]},{"optionalFilters":[{"attributes":"docmorris_labels:Neu\u003cscore=1\u003e"}]},{"optionalFilters":["brand_names:medpex\u003cscore=1\u003e"]}],"nbHits":85448,"page":0,"nbPages":36,"hitsPerPage":28,"facets":{"brand_names":{"ARCANA":8516,"DHU":5094,"Wala":1221,"Spagyra":758,"Mepilex":748,"B.Braun":648,"Montana Eyewear":616,"Nobamed":614,"Gall Pharma":572,"Cutimed":497,"Heel":484,"Allevyn":477,"WELEDA":458,"Diaprax":428,"Biatain":417,"Pleasureplace":383,"Pflüger":375,"1001 Artikel Medical":364,"Zetuvit":348,"LisaCare":290,"Aquacel":281,"Maimed":278,"Nestmann":276,"Dr. Junghans":267,"Leukoplast":264,"BD":261,"Bort":258,"Holthaus Medical":252,"ZIMPLY NATURAL":252,"Suprasorb":249,"Ratiopharm":243,"REHLEIN":241,"Param":240,"Doppelherz":237,"Cosmopor":234,"Lifemed":226,"Peha":226,"ES-Kompressen":224,"Büttner-Frank":223,"Prisoma":215,"bestschlaf":214,"Primavera":211,"Lymeherbs":210,"Beurer":208,"St. Severin":206,"AMPri":203,"Regenaplex":201,"Abena":200,"Aliud Pharma":200,"Lohmann \u0026 Rauscher GmbH \u0026 Co.KG":199,"Pascoe":198,"Fixomull":197,"Dr. Reckeweg":195,"TENGA":194,"Aurum":190,"The Tester":187,"3M":182,"Bombastus":182,"Lovelyness":179,"Nutritheke Green Line":178,"MyOne":173,"Salus":169,"Acercomp":167,"BSN Medical":166,"Lomatuell":166,"Warmies":164,"Schüßler-Salz":162,"Gothaplast":160,"Zincum":160,"Bachblüten":159,"Draco":158,"Hartmann":157,"Atrauman":155,"Accu-Chek":153,"Brinkmann Medical":151,"Synergon":151,"Hanosan":150,"Hugo Frosch":149,"Askina":147,"Kneipp":147,"Kalium":143,"Curaprox":141,"Sulfur":140,"Haft":139,"Hansaplast":139,"Elastomull":137,"Arnica":136,"Careliv":136,"mylife":136,"Miradent":135,"Pharma Liebermann":135,"Pure Encapsulations":135,"promed":135,"Tegaderm":133,"actiPart":132,"Magnesium":131,"Acti Medi":129,"Avitale":128,"Dr. Loges":127,"Gazin":125,"aktiv":123,"Eros":121,"Ligasano":121,"MEDESIGN":121,"Coloplast":120,"Fink \u0026 Walter":118,"Nicorette":118,"Schupp":118,"Urgotül":118,"Axisis":117,"Belsana":117,"Pjur":117,"Pütter":117,"Cutiplast":116,"GUM":116,"Paul Hartmann":116,"Erena":115,"Meditrade":114,"Vitabay":113,"AILORIA":112,"Aesculus":112,"Rosidal":112,"Leukomed":110,"TG":109,"True Nature":109,"CBD VITAL":108,"höga":107,"Stada":106,"Urgo":105,"Contour":103,"Epi":103,"Cuprum":102,"Megamax":101,"Orthomol":101,"Bryonia":100,"Compressana":100,"medisana":100,"Adaptic":99,"Tena":99,"steril":99,"Acidum":98,"Ferrum":98,"Rhus":98,"DocMorris":97,"Pari":97,"FLEXEO":96,"Megadent":96,"ZeinPharma":96,"Pasante":95,"Thuja":95,"Boost Oxygen Europe s.r.o.":94,"Durex":94,"tetesept":94,"TAOASIS":93,"Mercurius":91,"Spinnrad":91,"Volatile":91,"Omron":90,"Phosphorus":90,"Curapor":89,"Mollelast":89,"NUX":89,"ALLPHARM":88,"Aponorm":88,"Carbo":88,"Oral B":88,"Mepitel":87,"Antimonium":86,"The Nutri Store":85,"Ammonium":84,"Berberis":84,"CERES":84,"Chamomilla":84,"Pharma Peter":84,"Pino Silvestre":84,"TePe":84,"Biochemie":83,"DHU Schüßler-Salz":83,"Hevert":83,"Pulsatilla":83,"plus":83,"Belladonna":82,"Dermapharm":81,"Helleborus":81,"Hübner":81,"Wepa":81,"NASARA":80,"Casida":79,"Platinum":79,"Vliwazell":79,"Opsite":78,"Silicea":78,"Sorbact":78,"Aconitum":77,"Ignatia":77,"Elastus":76,"Hypericum":76,"Intimateline":76,"Cellona":75,"Farfalla":75},"pricing.price":{"1":2805,"9999":208,"85.99":752,"9.99":746,"24.99":542,"13.9":490,"14.99":401,"11.99":393,"19.99":389,"24.9":367,"29.99":361,"10.99":359,"12.99":357,"11.49":334,"23.99":313,"16.99":298,"5.99":294,"14.95":292,"13.99":289,"67.06":289,"29.95":276,"60.22":269,"22.79":256,"19.9":253,"28.99":236,"13.25":233,"3.99":232,"49.71":225,"26.99":224,"4.99":220,"29.9":219,"39.99":214,"15.99":210,"17.5":210,"8.99":209,"15.01":204,"14.13":199,"6.99":194,"7.99":194,"9.95":193,"17.99":187,"25.49":186,"11.01":184,"19.95":180,"18.99":179,"11.89":178,"24.49":172,"29.49":171,"9.39":169,"11.56":168,"25.99":167,"12.95":164,"36.99":160,"28.49":159,"21.99":158,"12.49":155,"27.99":154,"27.49":151,"56.54":151,"26.49":147,"49.99":146,"31.99":144,"2.99":142,"30.99":142,"24.95":140,"31.49":139,"20.99":138,"1.99":136,"8.95":135,"34.99":134,"33.99":133,"37.49":132,"8.39":132,"7.29":131,"11.39":129,"5.19":128,"11.79":127,"4.19":127,"10.95":125,"30.34":122,"14.9":121,"4.79":121,"32.99":120,"13.59":116,"32.49":115,"17.59":114,"9.91":114,"11.43":113,"9.89":112,"14.49":111,"16.95":111,"18.95":111,"9.9":111,"15.59":110,"34.95":110,"37.99":110,"6.29":110,"16.59":109,"10.76":108,"49.95":108,"13.49":107,"59.99":107,"13.95":106,"7.95":105,"16.29":104,"3.79":103,"5.49":103,"99.99":102,"11.29":101,"18.69":101,"101.16":100,"17.49":100,"36.49":100,"125.91":99,"6.95":99,"131.85":97,"5.69":97,"73.3":97,"8.79":97,"144.95":96,"20.23":96,"9.59":96,"10.36":95,"13.39":95,"8.49":95,"117.34":94,"34.49":94,"35.99":94,"38.99":93,"8.89":93,"3.39":92,"3.95":92,"39.95":92,"2.49":91,"33.49":91,"10.79":90,"11.69":90,"24.56":90,"4.49":90,"12.89":89,"14.89":88,"39.9":87,"75.48":87,"11.95":86,"3.59":86,"4.69":86,"2.69":85,"22.99":85,"12.29":84,"14.87":84,"9.79":84,"15.95":83,"168.03":82,"17.95":82,"25.29":82,"3.19":82,"6.59":82,"81.64":82,"9.69":82,"16.89":81,"17.39":81,"25.46":81,"38.49":81,"5.95":81,"44.99":80,"50.57":80,"6.49":80,"12.9":79,"13.89":79,"15.27":79,"19.49":79,"7.79":79,"75.21":79,"10.69":78,"6.79":78,"6.89":77,"12.79":76,"2.79":76,"4.39":76,"4.95":76,"69.99":76,"16.79":75,"7.59":75,"10.89":74,"11.59":74,"12.39":74,"13.18":74,"14.79":74,"26.62":73,"9.29":73,"94.15":73,"105.29":72,"14.29":72,"20.69":72,"23.96":72,"18.89":71,"26.82":71,"4.59":71,"5.89":71,"13.79":70},"manufacturer.name":{"DHU-Arzneimittel GmbH \u0026 Co. KG":2693,"BELSANA Medizinische Erzeugnisse, Zweigniederlassung der Ofa Bamberg GmbH":2051,"1001 Artikel Medical GmbH":1594,"ARCANA Dr. Sewerin GmbH \u0026 Co.KG Arzneimittel-Herstellung":1222,"NOBAMED Paul Danz AG":1180,"BSN medical GmbH":981,"B. Braun Melsungen AG":959,"Paul Hartmann AG":950,"Hecht Pharma GmbH":889,"Lohmann \u0026 Rauscher GmbH \u0026 Co. KG":867,"WALA Heilmittel GmbH":775,"Bauerfeind AG Geschäftsbereich Phlebologie":708,"Axisis GmbH":676,"actiPart GmbH":674,"Sunoptic International":651,"ACA Müller/ADAG Pharma AG":571,"EurimPharm Arzneimittel GmbH":542,"Coloplast GmbH":530,"B2B Medical GmbH":519,"TZMO Deutschland GmbH":494,"Diaprax GmbH":489,"Fink \u0026 Walter GmbH":483,"+ Prisoma GmbH":474,"Medi GmbH \u0026 Co. KG":457,"MaiMed GmbH":427,"Hofmann \u0026 Sommer GmbH \u0026 Co. KG":419,"ToRa Pharma GmbH":410,"ApoTeam GmbH":399,"Kohlpharma GmbH":383,"WZ Technik GmbH":383,"Avitamed GmbH":380,"Weleda AG":376,"Holthaus Medical GmbH \u0026 Co. KG":366,"Meditrade GmbH":360,"Hager Pharma GmbH":357,"Büttner-Frank GmbH":356,"HerbaLux Deutschland GmbH":356,"ABENA GmbH":337,"Solventum Germany GmbH":337,"Acti Medi GmbH":324,"Biologische Heilmittel Heel GmbH":319,"Megadent Deflogrip Gerhard Reeg GmbH":315,"ApoHomeCare GmbH":314,"Dr. Junghans Medical GmbH":308,"Docpharm GmbH":300,"EKNA GmbH \u0026 Co. KG":295,"Param GmbH":291,"aktiv shop GmbH":278,"Medtronic GmbH":276,"pfm medical GmbH":274,"Bort GmbH":270,"Hanosan GmbH":270,"Spagyra GmbH \u0026 Co KG":268,"Becton Dickinson GmbH":263,"Homöopathisches Laboratorium Alexander Pflüger GmbH \u0026 Co. KG":263,"Curaden Germany GmbH":254,"WICK Pharma - Zweigniederlassung der Procter \u0026 Gamble GmbH":254,"WEPA Apothekenbedarf GmbH \u0026 Co. KG":253,"ZIMPLY NATURAL / Herz-Jesu Apotheke Lindlar":252,"Adequapharm GmbH":249,"C P C medical GmbH \u0026 Co. KG":246,"Bios Medical Services GmbH Medizinprodukte":243,"Schug Medical GmbH":242,"DreamCon Co. Ltd.":241,"Medesign I. C. GmbH":240,"Miro Verbandstoffe GmbH":237,"EMRA-MED Arzneimittel GmbH":235,"Mastercare Medical GmbH":235,"Primavera Life GmbH":234,"Taoasis GmbH - Natur Duft Manufaktur":233,"Hermes Arzneimittel GmbH":229,"AMPri Handelsgesellschaft mbH":228,"BEURER GmbH Gesundheit und Wohlbefinden":228,"Medi-Spezial GmbH":228,"HEALTHYLIFE S.C.":223,"Crosp Medical GmbH":222,"Höga-Pharm GmbH":219,"MCM Klosterfrau Vertriebsgesellschaft mbH":217,"Serimed GmbH \u0026 Co. KG":217,"Greenlife Value GmbH":215,"BSN-JOBST GmbH":213,"Fresenius Kabi Deutschland GmbH":206,"Brinkmann Medical ein Unternehmen der Dr. Junghans Medical GmbH":205,"VEENAK INTERNATIONAL LIMITED":201,"Bios Medical Services":198,"Regenaplex GmbH - Homöopathische Komplexmittel":197,"TENGA":194,"Smith \u0026 Nephew GmbH - Woundmanagement":192,"Queisser Pharma GmbH \u0026 Co. KG":191,"ERENA Verbandstoffe GmbH \u0026 Co. KG":188,"Most Active Health Care GmbH":188,"P. J. Dahlhausen \u0026 Co. GmbH":186,"SALUS Pharma GmbH":186,"STADA Consumer Health Deutschland GmbH":186,"11 A Nutritheke GmbH":182,"Hollister Incorporated Niederlassung Deutschland":181,"MiroMed GmbH":180,"FESMED Verbandmittel GmbH":179,"Compressana GmbH":178,"Berco - Arzneimittel, Gottfried Herzberg GmbH":176,"Dr. Ausbüttel GmbH \u0026 Co. KG":175,"ConvaTec (Germany) GmbH":174,"Kattwiga Arzneimittel GmbH":174,"MyOne":173,"Fuhrmann GmbH":171,"UROTECH Medizinische Technologie GmbH":171,"Dr. Dagmar Lohmann Pharma + Medical GmbH":170,"Gothaplast Verbandpflasterfabrik GmbH":169,"ISG Intermed Service Gesellschaft":169,"Reckitt Benckiser Deutschland GmbH":169,"Body Products Relax GmbH":168,"Careliv Produkte OHG":168,"UROMED Kurt Drews KG":166,"Schupp GmbH \u0026 Co. KG":164,"KERMA Verbandstoff GmbH":161,"Praxicon GmbH":160,"Nestmann Pharma GmbH":159,"Sanum-Kehlbeck GmbH \u0026 Co. KG":156,"Lovelyness":153,"Urgo GmbH":152,"Hugo Frosch GmbH":151,"NIKA Medical Produkte GmbH":150,"Junek Europ-Vertrieb GmbH Zweigniederlassung":149,"MPV Medical GmbH":149,"Haleon Germany GmbH":145,"NOLL Handel für Ärzte- und Krankenhausbedarf GmbH":145,"Kneipp GmbH":144,"ratiopharm GmbH":143,"Alpha C. Pharm GmbH":142,"Medichem Vertriebs-GmbH":141,"DISPOMED GmbH \u0026 Co. KG":140,"Klein Ausrüstungstechnik GmbH":139,"Megasol Cosmetic GmbH":139,"Infirmarius GmbH":136,"Bombastus-Werke AG":133,"VYGON Germany GmbH":132,"GHC - German Health Care GmbH":131,"Pascoe pharmazeutische Präparate GmbH":131,"Pharma Brutscher":131,"Beiersdorf AG":130,"Dr. Reckeweg \u0026 Co. GmbH":130,"HOZ MEDI WERK Produktions- und Vertriebs GmbH \u0026 Co. KG":126,"Teleflex Medical GmbH - Homecare Urologie":126,"Mediq Deutschland GmbH":124,"Medline International Germany GmbH":124,"Orthomed - Thomas Blösel Rehatechnik GmbH":124,"Mölnlycke Health Care GmbH":123,"Allpharm Vertriebs GmbH":122,"Bayer Vital GmbH Geschäftsbereich Selbstmedikation":120,"Fein-Elast Umspinnwerk":119,"Sunstar Deutschland GmbH":119,"Flores medical GmbH":117,"Spinnrad GmbH":117,"Promedia A. Ahnfeldt GmbH, Medizintechnik":116,"ToValCare GmbH - Medical":116,"CC Pharma GmbH":115,"Perrigo Deutschland GmbH":114,"Cooper Consumer Health Deutschland GmbH":113,"APOZEN VERTRIEBS GmbH":112,"Andreas Fahl Medizintechnik-Vertriebs GmbH":112,"ICU Medical Deutschland (SM) GmbH":112,"Vehns Group GmbH":112,"Vitrasan GmbH":111,"Pari GmbH":110,"Trusetal Verbandstoffwerk GmbH":107,"UNO-med Rudolf Vachenauer e.K.":107,"ApoFit Arzneimittelvertrieb GmbH":105,"Dr. Theiss Naturwaren GmbH":105,"Groß GmbH - medizinisch-technische Handelsvertretung":105,"Pjur Group Luxembourg S.A.":105,"1A+A+A Wundprodukte GmbH":104,"ALIUD Pharma GmbH":104,"BATIST Medical a.s.":104,"Hirundo Products":104,"Krewi Medical Produkte GmbH":104,"W. SÖHNGEN GmbH":104,"Volatile":103,"Henry Schein Medical GmbH":102,"Kenvue Germany GmbH (OTC)":102,"Dr. Arabin GmbH \u0026 Co. KG":101,"Casida GmbH":100,"Essity Germany GmbH Health and Medical Solutions":99,"Andover Healthcare Inc. a subsidiary of Milliken Healthcare Products LLC":98,"Farfalla Essentials AG":98,"Habitum Pharma":97,"Boost Oxygen Europe s.r.o.":96,"FLEXEO GmbH":96,"Roche Diagnostics Deutschland GmbH":96,"Bodynova GmbH":95,"Megamax B.V.":95,"PEKANA Naturheilmittel":95,"EXS Condoms":94,"Spiggle \u0026 Theis Medizintechnik GmbH":94,"Uebe Medical GmbH":94,"pro medico GmbH":94,"IMP GmbH International Medical Products":93,"Klinge Pharma GmbH":93,"Merz Consumer Care GmbH":93,"TePe D-A-CH GmbH":92,"Lifemed GmbH":91},"sales_type_filter":{"otc":110603,"bpc":39068,"rx":1},"category_hierarchy.lv0":{"Arzneimittel \u0026 Gesundheit":149672,"Vitamine, Sport \u0026 Ernährung":5033,"Sanitätshaus":1878,"Beauty \u0026 Pflege":1270,"Kinder \u0026 Familie":963,"Tiergesundheit \u0026 Tierbedarf":116},"category_hierarchy.lv1":{"Arzneimittel \u0026 Gesundheit \u003e Homöopathie \u0026 Natur":62894,"Arzneimittel \u0026 Gesundheit \u003e Haut, Haare \u0026 Nägel":22061,"Arzneimittel \u0026 Gesundheit \u003e Haus- \u0026 Reiseapotheke":19824,"Arzneimittel \u0026 Gesundheit \u003e Erkältung \u0026 Grippe":9067,"Arzneimittel \u0026 Gesundheit \u003e Herz, Kreislauf \u0026 Gedächtnis":6570,"Arzneimittel \u0026 Gesundheit \u003e Liebe \u0026 Sexualität":5218,"Arzneimittel \u0026 Gesundheit \u003e Diabetes":4649,"Vitamine, Sport \u0026 Ernährung \u003e Nahrungsergänzung":4335,"Arzneimittel \u0026 Gesundheit \u003e Muskeln, Knochen, Gelenke":4323,"Arzneimittel \u0026 Gesundheit \u003e Magen, Darm \u0026 Verdauung":4196,"Arzneimittel \u0026 Gesundheit \u003e Blase, Niere \u0026 Prostata":3729,"Arzneimittel \u0026 Gesundheit \u003e Mund- \u0026 Zahngesundheit":3421,"Arzneimittel \u0026 Gesundheit \u003e Auge \u0026 Ohr":2971,"Arzneimittel \u0026 Gesundheit \u003e Beruhigung, Schlaf \u0026 Stress":2814,"Arzneimittel \u0026 Gesundheit \u003e Frauengesundheit":2341,"Arzneimittel \u0026 Gesundheit \u003e Männergesundheit":2195,"Vitamine, Sport \u0026 Ernährung \u003e Ernährung":1591,"Arzneimittel \u0026 Gesundheit \u003e Allergie":1515,"Arzneimittel \u0026 Gesundheit \u003e Selbsttests":1385,"Arzneimittel \u0026 Gesundheit \u003e Schmerzmittel":1093,"Vitamine, Sport \u0026 Ernährung \u003e Sport \u0026 Fitness":798,"Kinder \u0026 Familie \u003e Baby \u0026 Kind":758,"Arzneimittel \u0026 Gesundheit \u003e Hanf \u0026 CBD-Produkte":676,"Sanitätshaus \u003e Alltagshilfen":659,"Beauty \u0026 Pflege \u003e Körper":645,"Arzneimittel \u0026 Gesundheit \u003e Raucherentwöhnung":382,"Sanitätshaus \u003e Pflegebedarf \u0026 Haushalt":380,"Beauty \u0026 Pflege \u003e Gesicht":283,"Vitamine, Sport \u0026 Ernährung \u003e Abnehmen":210,"Sanitätshaus \u003e Inkontinenz":205,"Sanitätshaus \u003e Bandagen":203,"Kinder \u0026 Familie \u003e Schwangerschaft":136,"Beauty \u0026 Pflege \u003e Haare":125,"Beauty \u0026 Pflege \u003e Sonne \u0026 Schutz":117,"Beauty \u0026 Pflege \u003e Naturkosmetik":93,"Kinder \u0026 Familie \u003e Kinderwunsch":76,"Sanitätshaus \u003e Medizinische Geräte":69,"Kinder \u0026 Familie \u003e Stillzeit \u0026 Wochenbett":44,"Beauty \u0026 Pflege \u003e Dermatologische Kosmetik":42,"Tiergesundheit \u0026 Tierbedarf \u003e Hunde":37,"Beauty \u0026 Pflege \u003e Make-up":35,"Sanitätshaus \u003e Bekleidung \u0026 Schuhe":29,"Tiergesundheit \u0026 Tierbedarf \u003e Katzen":25,"Beauty \u0026 Pflege \u003e Parfum":21,"Tiergesundheit \u0026 Tierbedarf \u003e Kleintiere":20,"Tiergesundheit \u0026 Tierbedarf \u003e Großtiere":19,"Tiergesundheit \u0026 Tierbedarf \u003e Pflanzliche \u0026 homöopathische Alternativen":10,"Beauty \u0026 Pflege \u003e Beauty- \u0026 Pflegesets":6,"Sanitätshaus \u003e Mobilität":3,"Tiergesundheit \u0026 Tierbedarf \u003e Tier Reiseapotheke":1},"rating.average_overall":{"1":174,"2":100,"3":356,"4":1735,"5":8101,"4.5":1063,"4.67":827,"4.75":484,"4.8":364,"4.33":324,"4.83":294,"4.6":246,"4.71":223,"4.73":213,"4.7":208,"4.86":204,"4.63":177,"4.78":177,"4.88":166,"4.77":159,"4.25":156,"4.79":152,"4.76":151,"3.5":143,"4.57":139,"4.58":137,"4.64":136,"4.74":133,"4.69":129,"4.89":128,"4.81":119,"4.92":119,"4.43":117,"4.65":115,"4.4":114,"4.56":109,"4.68":109,"4.55":108,"4.2":107,"4.61":107,"4.82":102,"4.72":101,"3.67":98,"4.91":98,"4.9":91,"4.66":87,"4.62":82,"4.85":82,"4.84":80,"4.44":78,"4.38":77,"4.54":75,"4.17":71,"4.59":70,"4.53":68,"4.93":68,"4.47":66,"4.87":63,"4.36":62,"3.33":60,"4.52":58,"4.41":50,"4.42":50,"4.45":50,"3.75":47,"4.13":46,"4.46":46,"4.48":44,"4.22":41,"2.5":39,"3.8":39,"4.49":38,"4.94":38,"4.95":38,"4.29":35,"4.35":34,"4.3":33,"4.27":30,"4.39":30,"4.26":28,"4.18":26,"4.28":26,"3.6":24,"4.14":23,"4.31":23,"4.21":22,"4.37":21,"4.96":20,"4.19":19,"4.32":19,"3.83":18,"4.11":18,"4.51":18,"3.25":16,"3.4":16,"4.16":16,"4.15":15,"4.34":15,"4.08":14,"2.33":13,"3.43":13,"3.71":13,"4.12":12,"2.67":11,"3.89":11,"3.2":10,"3.84":10,"3.86":10,"4.02":10,"4.07":10,"3.57":9,"3.78":9,"3.92":9,"4.1":9,"4.23":9,"1.5":8,"3.77":8,"3.82":8,"3.88":8,"3.9":8,"2.75":7,"3.08":7,"3.91":7,"3.17":6,"3.7":6,"4.09":6,"4.24":6,"2.66":5,"3.14":5,"3.93":5,"3.95":5,"2.86":4,"3.19":4,"3.38":4,"3.55":4,"3.56":4,"3.79":4,"4.04":4,"4.05":4,"4.97":4,"1.67":3,"3.53":3,"3.58":3,"3.62":3,"3.64":3,"3.65":3,"3.72":3,"3.85":3,"3.97":3,"4.03":3,"2.57":2,"2.8":2,"2.96":2,"3.05":2,"3.11":2,"3.15":2,"3.27":2,"3.41":2,"3.45":2,"3.54":2,"3.59":2,"3.63":2,"3.66":2,"3.69":2,"3.74":2,"3.81":2,"3.98":2,"4.06":2,"1.33":1,"1.74":1,"1.75":1,"2.13":1,"2.2":1,"2.25":1,"2.35":1,"2.36":1,"2.38":1,"2.4":1,"2.53":1,"2.6":1,"2.64":1,"2.71":1,"2.73":1,"2.78":1,"2.79":1,"2.83":1,"2.85":1,"2.89":1,"2.91":1,"2.95":1,"3.03":1,"3.1":1,"3.13":1,"3.18":1,"3.21":1,"3.23":1,"3.24":1,"3.29":1,"3.35":1,"3.36":1},"attributes.eigenschaften":{"glutenfrei":6340,"vegan":5775,"alkoholfrei":5732,"homöopathisch":5443,"laktosefrei":5438,"vegetarisch":4642,"pflanzlich":3956,"frei von Soja":3932,"ohne Konservierungsstoffe":3831,"zuckerfrei":3783,"duftstofffrei":3319,"ohne künstliche Farbstoffe":2983,"frei von Nüssen":2926,"parabenfrei":1825,"gelatinefrei":1628,"silikonfrei":1273,"acetonfrei":1259,"ohne Aluminiumsalze":1244,"ammoniakfrei":1191,"hypoallergen":838,"frei von Mikroplastik":667,"ohne Allergene (z.B. Sellerie, Krebstiere)":606,"wasserfest":493,"biologisch (mit Bio-Siegel)":474,"enthält Biozid":198,"enthält Batterien":120},"attributes.geeignet_fuer":{"Diabetiker":2250,"Schwangere":1604,"Stillzeit":1569,"Allergiker":804,"Neurodermitis":539},"attributes.packaging_size":{"1 St":19928,"10 St":5932,"100 St":4863,"2 St":4223,"10 ml":2711,"100 ml":2507,"50 ml":2451,"50 St":2445,"20 St":2045,"5 St":2045,"60 St":1724,"10 g":1645,"20 ml":1496,"30 St":1470,"12 St":1142,"30 ml":978,"6 St":939,"25 St":849,"120 St":822,"90 St":734,"200 ml":685,"250 ml":653,"10X1 ml":621,"500 ml":591,"75 ml":591,"100 g":576,"200 St":524,"3 St":517,"50 g":443,"80 St":443,"1 P":428,"5 ml":419,"15 ml":386,"25X2 St":368,"20 g":360,"8 St":359,"180 St":344,"4 St":336,"50X2 St":335,"24 St":320,"150 ml":314,"40 St":302,"1000 ml":290,"15 St":262,"8X1 ml":252,"Fläschchen ml":252,"500 St":234,"1 Set":201,"36 St":201,"10X2 ml":196,"250 g":187,"125 ml":185,"250 St":177,"500 g":173,"60 g":167,"30 g":165,"150 St":159,"90 g":155,"400 St":149,"5 g":146,"75 g":134,"60 ml":132,"105 St":127,"40 g":124,"1000 St":121,"300 ml":120,"20X5 St":115,"5X2 St":109,"15 g":107,"150 g":106,"7 St":105,"14 St":101,"18 St":99,"300 g":99,"48 St":98,"144 St":96,"16 St":85,"240 St":85,"40 ml":85,"120 ml":80,"1000 g":79,"200 g":78,"25 g":78,"1 l":76,"5 m":70,"300 St":68,"5X2 ml":67,"400 ml":66,"28 St":65,"10X10 St":63,"25 ml":63,"110 St":62,"10X100 St":60,"2 ml":60,"2X500 St":59,"32 St":58,"360 St":54,"70 g":53,"9 St":51,"400 g":47,"2X50 St":46,"5 kg":46,"5 l":45,"20X2,0 g":43,"80 g":43,"20X1,5 g":40,"45 g":37,"7X1 ml":37,"750 St":36,"1750 St":35,"25X5 St":35,"55 St":35,"600 g":35,"75 St":34,"80 ml":34,"190 ml":33,"10 l":32,"3 ml":32,"350 ml":32,"100X1 ml":31,"120 g":31,"1X1 St":31,"2X25 St":31,"4 ml":31,"42 St":31,"21 St":30,"2X100 St":30,"450 g":30,"6 ml":30,"96 St":29,"10X500 ml":28,"2X10 St":28,"72 St":28,"28 ml":27,"5X20 St":27,"14X1 ml":26,"1X10 St":26,"2X30 St":26,"50X6 St":26,"800 St":26,"90 ml":26,"10X15 g":25,"180 g":25,"2 g":25,"2X10 ml":25,"360 ml":25,"45 St":25,"750 g":25,"1 ml":24,"10X10 ml":24,"125 g":24,"20X2 St":24,"35 g":24,"1X50 St":23,"1 kg":22,"2 l":22,"2X20 St":22,"750 ml":22,"10X5 ml":21,"125 St":21,"25X1 St":20,"50X3 St":20,"5X10 St":20,"6X2 St":20,"7,5 g":20,"130 ml":19,"20X2 g":19,"270 St":19,"3X10 ml":19,"3X200 ml":19,"50X5 St":19,"56 St":19,"100X1 St":18,"1X2 St":18,"204 St":18,"65 g":18,"70 St":18,"10X1 St":17,"10X2 St":17,"10X8 g":17,"3X30 St":17,"40X2 St":17,"4X10 St":17,"70 ml":17,"10 kg":16,"10X1000 ml":16,"12 ml":16,"15 kg":16,"18 g":16,"25X10 St":16,"30X10 St":16,"35 ml":16,"100X0,5 ml":15,"160 St":15,"20X100 ml":15,"22 St":15,"4X30 St":15,"5000 g":15,"600 ml":15,"6X10 St":15},"attributes.docmorris_labels":{"Neu":1799},"pharmaceutical_properties.pharmaceutical_form":{"0":77,"Binden":5725,"Verband":5141,"Pflaster":3917,"Kompressen":3858,"Kapseln":3751,"Dilution":2344,"Kanüle":2238,"Tropfen":2219,"Globuli":2167,"Tabletten":1821,"Gel":1752,"Kondome":1678,"Ampullen":1352,"Katheter":1261,"Creme":1234,"Öl":1209,"Handschuhe":1156,"Lösung":1058,"Pulver":964,"Spray":912,"Zahnbürste":844,"Tupfer":791,"Salbe":703,"Beutel":689,"Flüssigkeit":652,"Teststreifen":635,"Ätherisches Öl":581,"Tropfen zum Einnehmen":529,"Bandage":517,"Test":517,"Filmtabletten":437,"Tücher":418,"St":391,"Infusionsset":349,"Tee":345,"Balsam":314,"Lanzetten":309,"Filterbeutel":280,"Bad":277,"Gleitmittel":271,"Kombipackung":269,"Augentropfen":261,"Tamponaden":259,"täglich":252,"Spritzen":250,"Mischung":244,"Bonbons":243,"Lotion":242,"Zahnpasta":229,"Basisplatte":187,"Wundgaze":185,"Trinkampullen":179,"Flaschen":178,"Zahncreme":172,"-":164,"Pastillen":164,"Tampon":162,"Nasenspray":158,"Granulat":154,"Watte":150,"Lutschtabletten":149,"Konzentrat":147,"Hartkapseln":136,"Injektionslösung":136,"Folie":125,"Weichkapseln":125,"Sonstige":124,"Lösung zum Einnehmen":119,"Kautabletten":115,"Sirup":113,"Mundwasser":108,"Implantat":107,"Vlies":102,"Kaugummi":101,"Saft":101,"Infusionslösung":100,"Überzogene Tabletten":99,"Tape":97,"Brausetabletten":95,"Salz":95,"inhalation":94,"Einreibung":88,"Liquidum":81,"Flüssigkeit zum Einnehmen":79,"Spüllösung":79,"Tabletten magensaftresistent":79,"Massageöl":76,"Tinktur":76,"Paste":73,"Schaum":73,"Suppositorien":72,"Pulver zur Herstellung einer Lösung zum Einnehmen":71,"Emulsion":70,"Kapseln magensaftresistent":69,"Fertigspritzen":64,"Shampoo":64,"Stifte":61,"Tube":55,"Packung":52,"Streifen":51,"Körperpflege":50,"Periodenslip":50,"stück":50,"Dragees":47,"Infusionsbeutel":47,"Stäbchen":47,"Puder":46,"Sprühflasche":46,"Suspension":45,"Tonikum":41,"Mullkompresse":40,"Essenz":39,"Set":38,"Selbsttest":34,"Trank":34,"Nadel":33,"Wirkstoffhaltiger Nagellack":32,"FLASCHE":31,"Dosierspray":30,"Schmelztabletten":30,"Trituration":30,"Zahngel":30,"Einzeldosispipetten":29,"Gelplatten":29,"Schwämme":29,"Lutschpastillen":28,"Maske":26,"Seife":26,"Einmalkanülen":25,"Elixier":25,"Duschgel":24,"Fieberthermometer":24,"Magensaftresistente Hartkapseln":24,"Nasentropfen":24,"Wurzel":24,"Augengel":23,"Kaudragees":23,"Pflaster transdermal":22,"Inhalat":21,"Nasendosierspray":21,"Suspension zum Einnehmen":21,"Extrakt":20,"Pflaster-Strips":20,"Selbsttests":20,"Vaginalcreme":20,"Einmalspritzen":19,"Fixierpflaster":19,"Flüssigseife":19,"Interdentalbürsten mit  praktischem Griff":18,"Testkassette":18,"Vaginalgel":18,"Würfel":18,"Spritzampullen":17,"Vaginalsuppositorien":17,"ml":16,"Franzbranntwein":15,"Granulat zur Herstellung einer Suspension zum Einnehmen":15,"Kerne":15,"Milch":15,"Pumplösung":15,"Retard-Kapseln":15,"Gummies":14,"Kalt- \u0026 Warm-Kompresse":14,"Pellets":14,"Pflasterverband":14,"Schrank":14,"Blasenspritzen":13,"Blutdruckmessgerät":13,"Händedesinfektion":13,"Inhalationslösung":13,"Vaginaltabletten":13,"Vibrator":13,"Dosieraerosol":12,"Elektroden":12,"Lanzette":12,"Teststäbchen":12,"Vliesstoffkompresse":12,"Wund-Pflaster":12,"Wundverband":12,"Hartkapseln mit magensaftresistent überzogenen Pellets":11,"Klistiere":11,"Koffer":11,"Rollen":11,"Schnelltest":11,"Spray, Tropfen":11,"g":11,"Augensalbe":10,"Liquid":10,"Packungsmasse":10,"Pulver zur Herstellung einer Suspension zum Einnehmen":10,"Wärmepflaster":10,"Blätter":9,"Fettsalbe":9,"Gipsbinden":9,"Infusionslösungskonzentrat":9,"Kälte-Sofort-Kompresse":9,"Magensaftresistente Weichkapseln":9,"Mundpflegestäbchen":9,"Ohrentropfen":9}},"facets_stats":{"brand_names":{"min":250,"max":35000,"avg":4395,"sum":162650},"pricing.price":{"min":0,"max":9999,"avg":78.5206,"sum":6709420},"rating.average_overall":{"min":1,"max":5,"avg":4.59854,"sum":97962.7},"pharmaceutical_properties.pharmaceutical_form":{"min":0,"max":0,"avg":0,"sum":0}},"exhaustiveFacetsCount":false,"exhaustiveNbHits":true,"exhaustiveTypo":true,"exhaustive":{"facetsCount":false,"nbHits":true,"typo":true},"query":"","params":"attributesToRetrieve=%5B%22lazy_id%22%2C%22product_id%22%2C%22readable_id%22%2C%22product_group_id%22%2C%22ean%22%2C%22slug%22%2C%22name%22%2C%22medias_v2%22%2C%22sales_type%22%2C%22pricing%22%2C%22base_price%22%2C%22has_stock%22%2C%22manufacturer%22%2C%22brand%22%2C%22pharmaceutical_properties%22%2C%22attributes%22%2C%22variant_count%22%2C%22rating%22%2C%22category_hierarchy%22%2C%22seller%22%2C%22categories_belongs_to%22%2C%22sub_headline%22%5D\u0026facetFilters=%5B%5B%22category_hierarchy.lv0%3AArzneimittel+%26+Gesundheit%22%5D%5D\u0026facets=%5B%22attributes.docmorris_labels%22%2C%22attributes.eigenschaften%22%2C%22attributes.geeignet_fuer%22%2C%22attributes.packaging_size%22%2C%22brand_names%22%2C%22category_hierarchy.lv0%22%2C%22category_hierarchy.lv1%22%2C%22manufacturer.name%22%2C%22pharmaceutical_properties.pharmaceutical_form%22%2C%22pricing.price%22%2C%22rating.average_overall%22%2C%22sales_type_filter%22%5D\u0026getRankingInfo=true\u0026highlightPostTag=__%2Fais-highlight__\u0026highlightPreTag=__ais-highlight__\u0026maxValuesPerFacet=200\u0026page=0\u0026filters=backfilling_winner%3Atrue","index":"pro_docmorris_products","serverUsed":"d172-eu-2.algolia.net","abTestID":12519,"abTestVariantID":1,"indexUsed":"pro_docmorris_products","parsedQuery":"","timeoutCounts":false,"timeoutHits":false,"aiReRanking":{"reRankingActivated":true,"persoImpactInsideActivationWindow":false},"appliedRules":[{"objectID":"qr-1766406090318"},{"objectID":"qr-1713506253708"},{"objectID":"qr-1743578963138"},{"objectID":"qr-1748853545836"},{"objectID":"qr-1752823004043"}],"renderingContent":{"facetOrdering":{"facets":{"order":["category_names","manufacturer.name","brand_names","attributes.packaging_size","pharmaceutical_properties.pharmaceutical_form","sales_type_filter","attributes.eigenschaften","attributes.geeignet_fuer","pricing.price","rating.average_overall","attributes.docmorris_labels"]},"values":{"attributes.docmorris_labels":{"sortRemainingBy":"count"},"attributes.eigenschaften":{"sortRemainingBy":"count"},"attributes.geeignet_fuer":{"sortRemainingBy":"count"},"attributes.packaging_size":{"sortRemainingBy":"count"},"brand_names":{"sortRemainingBy":"count"},"category_names":{"sortRemainingBy":"count"},"manufacturer.name":{"sortRemainingBy":"count"},"pharmaceutical_properties.pharmaceutical_form":{"sortRemainingBy":"count"},"pricing.price":{"sortRemainingBy":"count"},"rating.average_overall":{"sortRemainingBy":"count"},"sales_type_filter":{"sortRemainingBy":"count"}}}},"processingTimeMS":124,"processingTimingsMS":{"_request":{"queue":1,"roundTrip":11},"afterFetch":{"dedupFacets":6,"format":{"total":1},"merge":{"distinctProcessing":{"total":22},"total":22},"total":29},"extensions":1,"fetch":{"facetingAfterDistinct":46,"scanning":44,"total":91},"rules":1,"total":124},"serverTimeMS":127},{"hits":[],"userData":[{"optionalFilters":["brand_names:DocMorris\u003cscore=1\u003e"]},{"optionalFilters":[{"attributes":"docmorris_labels:Neu\u003cscore=1\u003e"}]},{"optionalFilters":["brand_names:medpex\u003cscore=1\u003e"]}],"nbHits":240567,"page":0,"nbPages":0,"hitsPerPage":0,"facets":{"category_hierarchy.lv0":{"Arzneimittel \u0026 Gesundheit":136302,"Beauty \u0026 Pflege":46600,"Vitamine, Sport \u0026 Ernährung":37239,"Sanitätshaus":30094,"Bücher \u0026 Ratgeber":6168,"Tiergesundheit \u0026 Tierbedarf":5696,"Kinder \u0026 Familie":5450}},"exhaustiveFacetsCount":false,"exhaustiveFacetValues":false,"exhaustiveNbHits":false,"exhaustiveTypo":true,"exhaustive":{"facetsCount":false,"facetValues":false,"nbHits":false,"typo":true},"query":"","params":"analytics=false\u0026attributesToRetrieve=%5B%22lazy_id%22%2C%22product_id%22%2C%22readable_id%22%2C%22product_group_id%22%2C%22ean%22%2C%22slug%22%2C%22name%22%2C%22medias_v2%22%2C%22sales_type%22%2C%22pricing%22%2C%22base_price%22%2C%22has_stock%22%2C%22manufacturer%22%2C%22brand%22%2C%22pharmaceutical_properties%22%2C%22attributes%22%2C%22variant_count%22%2C%22rating%22%2C%22category_hierarchy%22%2C%22seller%22%2C%22categories_belongs_to%22%2C%22sub_headline%22%5D\u0026clickAnalytics=false\u0026facets=%5B%22category_hierarchy.lv0%22%5D\u0026getRankingInfo=true\u0026highlightPostTag=__%2Fais-highlight__\u0026highlightPreTag=__ais-highlight__\u0026hitsPerPage=0\u0026maxValuesPerFacet=200\u0026page=0\u0026filters=backfilling_winner%3Atrue","index":"pro_docmorris_products","serverUsed":"d172-eu-2.algolia.net","abTestID":12519,"abTestVariantID":1,"indexUsed":"pro_docmorris_products","parsedQuery":"","timeoutCounts":true,"timeoutHits":true,"aiReRanking":{"reRankingActivated":true,"persoImpactInsideActivationWindow":false},"appliedRules":[{"objectID":"qr-1713506253708"},{"objectID":"qr-1743578963138"},{"objectID":"qr-1748853545836"},{"objectID":"qr-1752823004043"}],"renderingContent":{"facetOrdering":{"facets":{"order":["category_names","manufacturer.name","brand_names","attributes.packaging_size","pharmaceutical_properties.pharmaceutical_form","sales_type_filter","attributes.eigenschaften","attributes.geeignet_fuer","pricing.price","rating.average_overall","attributes.docmorris_labels"]},"values":{"attributes.docmorris_labels":{"sortRemainingBy":"count"},"attributes.eigenschaften":{"sortRemainingBy":"count"},"attributes.geeignet_fuer":{"sortRemainingBy":"count"},"attributes.packaging_size":{"sortRemainingBy":"count"},"brand_names":{"sortRemainingBy":"count"},"category_names":{"sortRemainingBy":"count"},"manufacturer.name":{"sortRemainingBy":"count"},"pharmaceutical_properties.pharmaceutical_form":{"sortRemainingBy":"count"},"pricing.price":{"sortRemainingBy":"count"},"rating.average_overall":{"sortRemainingBy":"count"},"sales_type_filter":{"sortRemainingBy":"count"}}}},"processingTimeMS":152,"processingTimingsMS":{"_request":{"queue":1,"roundTrip":11},"afterFetch":{"merge":{"distinctProcessing":{"total":57},"total":57},"total":58},"extensions":1,"fetch":{"distinct":8,"faceting":31,"scanning":52,"total":92},"total":152},"serverTimeMS":280}],"requestParams":[{"attributesToRetrieve":["lazy_id","product_id","readable_id","product_group_id","ean","slug","name","medias_v2","sales_type","pricing","base_price","has_stock","manufacturer","brand","pharmaceutical_properties","attributes","variant_count","rating","category_hierarchy","seller","categories_belongs_to","sub_headline"],"facetFilters":[["category_hierarchy.lv0:Arzneimittel \u0026 Gesundheit"]],"facets":["attributes.docmorris_labels","attributes.eigenschaften","attributes.geeignet_fuer","attributes.packaging_size","brand_names","category_hierarchy.lv0","category_hierarchy.lv1","manufacturer.name","pharmaceutical_properties.pharmaceutical_form","pricing.price","rating.average_overall","sales_type_filter"],"getRankingInfo":true,"highlightPostTag":"__/ais-highlight__","highlightPreTag":"__ais-highlight__","maxValuesPerFacet":200,"page":0},{"analytics":false,"attributesToRetrieve":["lazy_id","product_id","readable_id","product_group_id","ean","slug","name","medias_v2","sales_type","pricing","base_price","has_stock","manufacturer","brand","pharmaceutical_properties","attributes","variant_count","rating","category_hierarchy","seller","categories_belongs_to","sub_headline"],"clickAnalytics":false,"facets":["category_hierarchy.lv0"],"getRankingInfo":true,"highlightPostTag":"__/ais-highlight__","highlightPreTag":"__ais-highlight__","hitsPerPage":0,"maxValuesPerFacet":200,"page":0}]}}},"initialResults":{"hits":[{"product_id":"cf020a8a-6647-4966-aa38-0f638d61cd58","lazy_id":"07728561","product_group_id":"0cd46d4a-78e8-4db3-a2c0-dc8deb407216","readable_id":"FX5CCQ6V","ean":null,"slug":"heumann-ibuprofen-schmerztabletten-400-mg-filmtabletten","name":"Heumann Ibuprofen Schmerztabletten 400 mg Filmtabletten 50 St","medias_v2":[{"resource":"/static/produkte/FX5CCQ6V/docmorris/heumann-ibuprofen-schmerztabletten-400-mg-filmtabl-07728561-0-1716367448458830.jpeg","position":0,"base_url":"https://statics.docmorris.de"}],"pricing":{"price":3.69,"base_price":"0.07 €/St","recommended_price":11.84,"show_recommended_price":true,"savings_percentage":69,"prescription_types_prices":[{"price":0.34,"type":"payment_exempt"},{"price":3.79,"type":"private"},{"price":5.34,"type":"public"}]},"sales_type":"otx","pharmaceutical_properties":{"drug":true,"veterinary_medicament":false,"free_public_prescription":true,"pharmaceutical_form":"Filmtabletten","atc_code":"M01AE01","cold_chain":false,"active_ingredients":["Ibuprofen"],"import_reimport":false,"is_cbd":false},"manufacturer":{"manufacturer_id":"842968db-f643-4964-8f0d-a6a1108e0949","name":"HEUMANN PHARMA GmbH \u0026 Co. Generica KG"},"attributes":{"alter_1":["6"],"alter_2":["Jahre"],"eigenschaften":["glutenfrei"],"packaging_size":"50 St"},"brand":{"name":"Heumann","readable_id":"4J0JNH5M"},"seller":{"seller_id":"9e7bfe5d-d968-4c40-a98d-bac6dd55a23d","seller_name":"Apotal","seller_postal_code":"49214","has_same_day_delivery":false},"variant_count":4,"has_stock":true,"category_hierarchy":{"lv3":["Arzneimittel \u0026 Gesundheit \u003e Schmerzmittel \u003e Schmerzmittel nach Wirkstoff \u003e Ibuprofen","Arzneimittel \u0026 Gesundheit \u003e Erkältung \u0026 Grippe \u003e Fieberthermometer \u0026 Mittel \u003e Fiebersenkende Mittel"],"lv2":["Arzneimittel \u0026 Gesundheit \u003e Schmerzmittel \u003e Schmerzmittel nach Wirkstoff","Arzneimittel \u0026 Gesundheit \u003e Erkältung \u0026 Grippe \u003e Fieberthermometer \u0026 Mittel","Arzneimittel \u0026 Gesundheit \u003e Schmerzmittel \u003e Kopfschmerzen \u0026 Migräne"],"lv1":["Arzneimittel \u0026 Gesundheit \u003e Schmerzmittel","Arzneimittel \u0026 Gesundheit \u003e Erkältung \u0026 Grippe"],"lv0":["Arzneimittel \u0026 Gesundheit"]},"rating":{"average_overall":4.83,"total_reviews":699},"categories_belongs_to":[{"readable_id":"LN2XV15C","name":"Ibuprofen"},{"readable_id":"Y01V1ZJZ","name":"Schmerzmittel nach Wirkstoff"},{"readable_id":"L1WPMT3G","name":"Schmerzmittel"},{"readable_id":"XVH4PLGY","name":"Arzneimittel \u0026 Gesundheit"},{"readable_id":"VVLC2JHN","name":"Fiebersenkende Mittel"},{"readable_id":"6TG9M9P6","name":"Fieberthermometer \u0026 Mittel"},{"readable_id":"PY9GWZ6M","name":"Erkältung \u0026 Grippe"},{"readable_id":"TKJHPYYR","name":"Kopfschmerzen \u0026 Migräne"}],"sub_headline":"Bei leichten bis mittelstarken Schmerzen wie Kopf-, Zahn- und Regelschmerzen","objectID":"FX5CCQ6V_9e7bfe5d-d968-4c40-a98d-bac6dd55a23d","_highlightResult":{"lazy_id":{"value":"07728561","matchLevel":"none","matchedWords":[]},"readable_id":{"value":"FX5CCQ6V","matchLevel":"none","matchedWords":[]},"name":{"value":"Heumann Ibuprofen Schmerztabletten 400 mg Filmtabletten 50 St","matchLevel":"none","matchedWords":[]},"pharmaceutical_properties":{"active_ingredients":[{"value":"Ibuprofen","matchLevel":"none","matchedWords":[]}]},"manufacturer":{"name":{"value":"HEUMANN PHARMA GmbH \u0026 Co. Generica KG","matchLevel":"none","matchedWords":[]}},"keywords":[{"value":"Ibuprofen","matchLevel":"none","matchedWords":[]},{"value":"Zahnschmerzen","matchLevel":"none","matchedWords":[]},{"value":"kopfschmerztabletten","matchLevel":"none","matchedWords":[]},{"value":"schmerzen","matchLevel":"none","matchedWords":[]},{"value":"fieber","matchLevel":"none","matchedWords":[]},{"value":"cluster kopfschmerzen","matchLevel":"none","matchedWords":[]},{"value":"schmerztherapie","matchLevel":"none","matchedWords":[]},{"value":"spannungskopfschmerz","matchLevel":"none","matchedWords":[]},{"value":"blasenentzündung ibuprofen","matchLevel":"none","matchedWords":[]},{"value":"ibuprofen schwangerschaft","matchLevel":"none","matchedWords":[]}],"brand":{"name":{"value":"Heumann","matchLevel":"none","matchedWords":[]},"readable_id":{"value":"4J0JNH5M","matchLevel":"none","matchedWords":[]}},"pzn_trimmed_zeros":{"value":"7728561","matchLevel":"none","matchedWords":[]}},"_rankingInfo":{"nbTypos":0,"firstMatchedWord":0,"proximityDistance":0,"userScore":96,"geoDistance":0,"geoPrecision":1,"nbExactWords":0,"words":0,"filters":2}},{"product_id":"466dc246-0997-45be-8a24-1f0b463e7646","lazy_id":"01578675","product_group_id":"466dc246-0997-45be-8a24-1f0b463e7646","readable_id":"FX5UP9SI","ean":null,"slug":"bepanthen-augen-und-nasensalbe","name":"Bepanthen Augen- und Nasensalbe 10 g","medias_v2":[{"resource":"/static/produkte/FX5UP9SI/docmorris/bepanthen-augen-und-nasensalbe-10-g-01578675-0-1713969348924170.jpeg","position":0,"base_url":"https://statics.docmorris.de"}],"pricing":{"price":5.99,"base_price":"599.00 €/kg","recommended_price":8.48,"show_recommended_price":true,"savings_percentage":29,"prescription_types_prices":[{"price":2.01,"type":"payment_exempt"},{"price":5.99,"type":"private"},{"price":7.01,"type":"public"}]},"sales_type":"otx","pharmaceutical_properties":{"drug":true,"veterinary_medicament":false,"free_public_prescription":true,"pharmaceutical_form":"Augen- und Nasensalbe","atc_code":"S01XA12","cold_chain":false,"active_ingredients":["Dexpanthenol"],"import_reimport":false,"is_cbd":false},"manufacturer":{"manufacturer_id":"2956063d-8121-4ffe-87db-85f694e26bfb","name":"Bayer Vital GmbH Geschäftsbereich Selbstmedikation"},"attributes":{"eigenschaften":["ohne Konservierungsstoffe","duftstofffrei","alkoholfrei","frei von Soja","laktosefrei","glutenfrei"],"geeignet_fuer":["Schwangere","Stillzeit"],"packaging_size":"10 g"},"brand":{"name":"Bepanthen","readable_id":"CZGC2XGC"},"seller":{"seller_id":"6fee4fe5-caf4-485d-9e1a-a3a5808ec912","seller_name":"DocMorris Apotheke","seller_postal_code":"6422","has_same_day_delivery":false},"variant_count":3,"has_stock":true,"category_hierarchy":{"lv3":["Arzneimittel \u0026 Gesundheit \u003e Auge \u0026 Ohr \u003e Gereizte \u0026 trockene Augen \u003e Augensalbe"],"lv2":["Arzneimittel \u0026 Gesundheit \u003e Auge \u0026 Ohr \u003e Gereizte \u0026 trockene Augen"],"lv1":["Arzneimittel \u0026 Gesundheit \u003e Auge \u0026 Ohr"],"lv0":["Arzneimittel \u0026 Gesundheit"]},"rating":{"average_overall":4.81,"total_reviews":1878},"categories_belongs_to":[{"readable_id":"J3PPPWRZ","name":"Augensalbe"},{"readable_id":"26CX4LP0","name":"Gereizte \u0026 trockene Augen"},{"readable_id":"PMXF774C","name":"Auge \u0026 Ohr"},{"readable_id":"XVH4PLGY","name":"Arzneimittel \u0026 Gesundheit"}],"sub_headline":"Pflegt rissige Nasenschleimhaut und schädigte Bindehaut mit Dexpanthenol","objectID":"FX5UP9SI_6fee4fe5-caf4-485d-9e1a-a3a5808ec912","_highlightResult":{"lazy_id":{"value":"01578675","matchLevel":"none","matchedWords":[]},"readable_id":{"value":"FX5UP9SI","matchLevel":"none","matchedWords":[]},"name":{"value":"Bepanthen Augen- und Nasensalbe 10 g","matchLevel":"none","matchedWords":[]},"pharmaceutical_properties":{"active_ingredients":[{"value":"Dexpanthenol","matchLevel":"none","matchedWords":[]}]},"manufacturer":{"name":{"value":"Bayer Vital GmbH Geschäftsbereich Selbstmedikation","matchLevel":"none","matchedWords":[]}},"keywords":[{"value":"trockene nase","matchLevel":"none","matchedWords":[]},{"value":"nasenschleimhaut","matchLevel":"none","matchedWords":[]},{"value":"nasensalbe","matchLevel":"none","matchedWords":[]},{"value":"trockene nasenschleimhaut","matchLevel":"none","matchedWords":[]},{"value":"augensalbe","matchLevel":"none","matchedWords":[]},{"value":"bindehaut","matchLevel":"none","matchedWords":[]},{"value":"nasenschleimhaut trocken","matchLevel":"none","matchedWords":[]},{"value":"hornhaut auge","matchLevel":"none","matchedWords":[]},{"value":"wunde in der nase","matchLevel":"none","matchedWords":[]},{"value":"wunde nase","matchLevel":"none","matchedWords":[]},{"value":"nasenöl","matchLevel":"none","matchedWords":[]},{"value":"nase innen wund und verkrustet","matchLevel":"none","matchedWords":[]},{"value":"juckende augenlider","matchLevel":"none","matchedWords":[]},{"value":"nase innen wund","matchLevel":"none","matchedWords":[]},{"value":"kruste in der nase","matchLevel":"none","matchedWords":[]}],"brand":{"name":{"value":"Bepanthen","matchLevel":"none","matchedWords":[]},"readable_id":{"value":"CZGC2XGC","matchLevel":"none","matchedWords":[]}},"pzn_trimmed_zeros":{"value":"1578675","matchLevel":"none","matchedWords":[]}},"_rankingInfo":{"nbTypos":0,"firstMatchedWord":0,"proximityDistance":0,"userScore":95,"geoDistance":0,"geoPrecision":1,"nbExactWords":0,"words":0,"filters":2}},{"product_id":"2f058779-4152-4694-9852-5cb9922dc5bf","lazy_id":"10019621","product_group_id":"36ed0d1d-4b95-46e2-887b-c4a03d5fe3c0","readable_id":"FX54TUWF","ean":null,"slug":"ibu-ratiopharm-400-mg-akut-schmerztabletten","name":"IBU ratiopharm 400 mg akut Schmerztabletten 50 St","medias_v2":[{"resource":"/static/produkte/FX54TUWF/docmorris/ibu-ratiopharm-400-mg-akut-schmerztabletten-50-st-10019621-0-1714035617107707.jpeg","position":0,"base_url":"https://statics.docmorris.de"}],"pricing":{"price":5.89,"base_price":"0.12 €/St","recommended_price":13.45,"show_recommended_price":true,"savings_percentage":56,"prescription_types_prices":[{"price":1.95,"type":"payment_exempt"},{"price":5.89,"type":"private"},{"price":6.95,"type":"public"}]},"sales_type":"otx","pharmaceutical_properties":{"drug":true,"veterinary_medicament":false,"free_public_prescription":true,"pharmaceutical_form":"Filmtabletten","atc_code":"M01AE01","cold_chain":false,"active_ingredients":["Ibuprofen"],"import_reimport":false,"is_cbd":false},"manufacturer":{"manufacturer_id":"098703c1-0a96-4282-86a7-9702f18659e2","name":"ratiopharm GmbH"},"attributes":{"packaging_size":"50 St"},"brand":{"name":"Ratiopharm","readable_id":"G5MR9X0Z"},"seller":{"seller_id":"6fee4fe5-caf4-485d-9e1a-a3a5808ec912","seller_name":"DocMorris Apotheke","seller_postal_code":"6422","has_same_day_delivery":false},"variant_count":3,"has_stock":true,"category_hierarchy":{"lv2":["Arzneimittel \u0026 Gesundheit \u003e Mund- \u0026 Zahngesundheit \u003e Zahnschmerzen","Arzneimittel \u0026 Gesundheit \u003e Schmerzmittel \u003e Schmerzmittel nach Wirkstoff","Arzneimittel \u0026 Gesundheit \u003e Schmerzmittel \u003e Rückenschmerzen","Arzneimittel \u0026 Gesundheit \u003e Erkältung \u0026 Grippe \u003e Fieberthermometer \u0026 Mittel","Arzneimittel \u0026 Gesundheit \u003e Schmerzmittel \u003e Regelschmerzen","Arzneimittel \u0026 Gesundheit \u003e Schmerzmittel \u003e Kopfschmerzen \u0026 Migräne"],"lv1":["Arzneimittel \u0026 Gesundheit \u003e Mund- \u0026 Zahngesundheit","Arzneimittel \u0026 Gesundheit \u003e Schmerzmittel","Arzneimittel \u0026 Gesundheit \u003e Erkältung \u0026 Grippe"],"lv0":["Arzneimittel \u0026 Gesundheit"],"lv3":["Arzneimittel \u0026 Gesundheit \u003e Schmerzmittel \u003e Schmerzmittel nach Wirkstoff \u003e Ibuprofen","Arzneimittel \u0026 Gesundheit \u003e Erkältung \u0026 Grippe \u003e Fieberthermometer \u0026 Mittel \u003e Fiebersenkende Mittel"]},"rating":{"average_overall":4.79,"total_reviews":791},"categories_belongs_to":[{"readable_id":"VY095WC0","name":"Zahnschmerzen"},{"readable_id":"FT4R5LXK","name":"Mund- \u0026 Zahngesundheit"},{"readable_id":"XVH4PLGY","name":"Arzneimittel \u0026 Gesundheit"},{"readable_id":"L1WPMT3G","name":"Schmerzmittel"},{"readable_id":"PY9GWZ6M","name":"Erkältung \u0026 Grippe"},{"readable_id":"LN2XV15C","name":"Ibuprofen"},{"readable_id":"Y01V1ZJZ","name":"Schmerzmittel nach Wirkstoff"},{"readable_id":"6WCJ6V2X","name":"Rückenschmerzen"},{"readable_id":"VVLC2JHN","name":"Fiebersenkende Mittel"},{"readable_id":"6TG9M9P6","name":"Fieberthermometer \u0026 Mittel"},{"readable_id":"H9J54TM7","name":"Regelschmerzen"},{"readable_id":"TKJHPYYR","name":"Kopfschmerzen \u0026 Migräne"}],"sub_headline":"Wirkt gegen Kopf-, Zahn-, Gelenk- und Regelschmerzen sowie Fieber","objectID":"FX54TUWF_6fee4fe5-caf4-485d-9e1a-a3a5808ec912","_highlightResult":{"lazy_id":{"value":"10019621","matchLevel":"none","matchedWords":[]},"readable_id":{"value":"FX54TUWF","matchLevel":"none","matchedWords":[]},"name":{"value":"IBU ratiopharm 400 mg akut Schmerztabletten 50 St","matchLevel":"none","matchedWords":[]},"pharmaceutical_properties":{"active_ingredients":[{"value":"Ibuprofen","matchLevel":"none","matchedWords":[]}]},"manufacturer":{"name":{"value":"ratiopharm GmbH","matchLevel":"none","matchedWords":[]}},"keywords":[{"value":"Ibuprofen","matchLevel":"none","matchedWords":[]},{"value":"rückenschmerzen","matchLevel":"none","matchedWords":[]},{"value":"fieber","matchLevel":"none","matchedWords":[]},{"value":"kopfschmerz","matchLevel":"none","matchedWords":[]},{"value":"kopfschmerzen","matchLevel":"none","matchedWords":[]},{"value":"migräne","matchLevel":"none","matchedWords":[]},{"value":"schmerzmittel","matchLevel":"none","matchedWords":[]},{"value":"schmerz","matchLevel":"none","matchedWords":[]},{"value":"schmerztablette","matchLevel":"none","matchedWords":[]},{"value":"spannungskopfschmerz","matchLevel":"none","matchedWords":[]}],"brand":{"name":{"value":"Ratiopharm","matchLevel":"none","matchedWords":[]},"readable_id":{"value":"G5MR9X0Z","matchLevel":"none","matchedWords":[]}},"pzn_trimmed_zeros":{"value":"10019621","matchLevel":"none","matchedWords":[]}},"_rankingInfo":{"nbTypos":0,"firstMatchedWord":0,"proximityDistance":0,"userScore":94,"geoDistance":0,"geoPrecision":1,"nbExactWords":0,"words":0,"filters":2}},{"product_id":"0b708a5f-e21c-4357-b6ba-e6764f089d2a","lazy_id":"09285547","product_group_id":"8b338f18-890e-424e-bcd9-775c882fd669","readable_id":"FX5AZGC8","ean":null,"slug":"sinupret-extract","name":"Sinupret eXtract 40 St","medias_v2":[{"resource":"/static/produkte/FX5AZGC8/docmorris/sinupret-extract-40-st-09285547-0-1757401418696013.png","position":0,"base_url":"https://statics.docmorris.de"}],"pricing":{"price":22.79,"base_price":"0.57 €/St","recommended_price":29.99,"show_recommended_price":true,"savings_percentage":24,"prescription_types_prices":[{"price":0,"type":"payment_exempt"},{"price":22.79,"type":"private"},{"price":5,"type":"public"}]},"sales_type":"otx","pharmaceutical_properties":{"drug":true,"veterinary_medicament":false,"free_public_prescription":true,"pharmaceutical_form":"Überzogene Tabletten","atc_code":"R01BP30","cold_chain":false,"active_ingredients":[],"import_reimport":false,"is_cbd":false},"manufacturer":{"manufacturer_id":"c0a3bb18-7de5-47df-9e86-6b9394b7f766","name":"Bionorica SE"},"attributes":{"alter_1":["12"],"eigenschaften":["vegan","alkoholfrei","vegetarisch","pflanzlich","gelatinefrei","laktosefrei","glutenfrei"],"alter_2":["Jahre"],"packaging_size":"40 St"},"brand":{"name":"Sinupret","readable_id":"CZ4RLW8H"},"seller":{"seller_id":"6fee4fe5-caf4-485d-9e1a-a3a5808ec912","seller_name":"DocMorris Apotheke","seller_postal_code":"6422","has_same_day_delivery":false},"variant_count":4,"has_stock":true,"category_hierarchy":{"lv0":["Arzneimittel \u0026 Gesundheit"],"lv1":["Arzneimittel \u0026 Gesundheit \u003e Erkältung \u0026 Grippe","Arzneimittel \u0026 Gesundheit \u003e Homöopathie \u0026 Natur"],"lv3":["Arzneimittel \u0026 Gesundheit \u003e Homöopathie \u0026 Natur \u003e Pflanzen- \u0026 Naturtherapie \u003e Erkältung \u0026 Abwehrkräfte","Arzneimittel \u0026 Gesundheit \u003e Erkältung \u0026 Grippe \u003e Schnupfen \u0026 Nasennebenhöhlenentzündung \u003e Schleimlöser","Arzneimittel \u0026 Gesundheit \u003e Homöopathie \u0026 Natur \u003e Pflanzen- \u0026 Naturtherapie \u003e Mutter \u0026 Kind"],"lv2":["Arzneimittel \u0026 Gesundheit \u003e Homöopathie \u0026 Natur \u003e Pflanzen- \u0026 Naturtherapie","Arzneimittel \u0026 Gesundheit \u003e Erkältung \u0026 Grippe \u003e Schnupfen \u0026 Nasennebenhöhlenentzündung","Arzneimittel \u0026 Gesundheit \u003e Erkältung \u0026 Grippe \u003e Pflanzlich \u0026 Homöopathisch"]},"rating":{"average_overall":4.68,"total_reviews":543},"categories_belongs_to":[{"readable_id":"XVH4PLGY","name":"Arzneimittel \u0026 Gesundheit"},{"readable_id":"PY9GWZ6M","name":"Erkältung \u0026 Grippe"},{"readable_id":"28NRKZF5","name":"Erkältung \u0026 Abwehrkräfte"},{"readable_id":"0THFHTYR","name":"Pflanzen- \u0026 Naturtherapie"},{"readable_id":"KGR59GKL","name":"Homöopathie \u0026 Natur"},{"readable_id":"JRNKXGFK","name":"Schnupfen \u0026 Nasennebenhöhlenentzündung"},{"readable_id":"2Z3TGC5C","name":"Schleimlöser"},{"readable_id":"TG3VY4PT","name":"Pflanzlich \u0026 Homöopathisch"},{"readable_id":"GK143KHM","name":"Mutter \u0026 Kind"}],"sub_headline":"Mit 5-Pflanzenkombination: Löst Schleim, öffnet die Nase und befreit den Kopf","objectID":"FX5AZGC8_6fee4fe5-caf4-485d-9e1a-a3a5808ec912","_highlightResult":{"lazy_id":{"value":"09285547","matchLevel":"none","matchedWords":[]},"readable_id":{"value":"FX5AZGC8","matchLevel":"none","matchedWords":[]},"name":{"value":"Sinupret eXtract 40 St","matchLevel":"none","matchedWords":[]},"manufacturer":{"name":{"value":"Bionorica SE","matchLevel":"none","matchedWords":[]}},"keywords":[{"value":"Schleim","matchLevel":"none","matchedWords":[]},{"value":"Eukalyptusöl","matchLevel":"none","matchedWords":[]},{"value":"Erkältung Medikamente","matchLevel":"none","matchedWords":[]},{"value":"Nasenwärmer","matchLevel":"none","matchedWords":[]},{"value":"Schleimlöser","matchLevel":"none","matchedWords":[]},{"value":"Nasenöl","matchLevel":"none","matchedWords":[]},{"value":"Inhalierstift","matchLevel":"none","matchedWords":[]},{"value":"Nasennebenhöhlenentzündung","matchLevel":"none","matchedWords":[]},{"value":"Sinusitis","matchLevel":"none","matchedWords":[]},{"value":"inhalieren","matchLevel":"none","matchedWords":[]},{"value":"abschwellend","matchLevel":"none","matchedWords":[]},{"value":"Nase frei","matchLevel":"none","matchedWords":[]},{"value":"Erkältungskapseln","matchLevel":"none","matchedWords":[]},{"value":"Schnupfen","matchLevel":"none","matchedWords":[]},{"value":"Grippe","matchLevel":"none","matchedWords":[]},{"value":"Bionorica","matchLevel":"none","matchedWords":[]},{"value":"Verstopfte Nase","matchLevel":"none","matchedWords":[]},{"value":"Nase frei atmen","matchLevel":"none","matchedWords":[]}],"brand":{"name":{"value":"Sinupret","matchLevel":"none","matchedWords":[]},"readable_id":{"value":"CZ4RLW8H","matchLevel":"none","matchedWords":[]}},"pzn_trimmed_zeros":{"value":"9285547","matchLevel":"none","matchedWords":[]}},"_rankingInfo":{"nbTypos":0,"firstMatchedWord":0,"proximityDistance":0,"userScore":93,"geoDistance":0,"geoPrecision":1,"nbExactWords":0,"words":0,"filters":2}},{"product_id":"c576721f-7da6-4db6-85eb-0d451f6f2b2f","lazy_id":"00571748","product_group_id":"c576721f-7da6-4db6-85eb-0d451f6f2b2f","readable_id":"FX5WQKPB","ean":null,"slug":"grippostad-c-hartkapseln","name":"Grippostad C Hartkapseln 24 St","medias_v2":[{"resource":"/static/produkte/FX5WQKPB/docmorris/grippostad-c-hartkapseln-24-st-00571748-0-1713967319626705.jpeg","position":0,"base_url":"https://statics.docmorris.de"}],"pricing":{"price":9.99,"base_price":"0.42 €/St","recommended_price":16.99,"show_recommended_price":true,"savings_percentage":41,"prescription_types_prices":[{"price":0,"type":"payment_exempt"},{"price":9.99,"type":"private"},{"price":5,"type":"public"}]},"sales_type":"otc","pharmaceutical_properties":{"drug":true,"veterinary_medicament":false,"free_public_prescription":true,"pharmaceutical_form":"Hartkapseln","atc_code":"R05XA01","cold_chain":false,"active_ingredients":[],"import_reimport":false,"is_cbd":false},"manufacturer":{"manufacturer_id":"8a976fcd-0044-4fcf-94d4-13f05a0ca632","name":"STADA Consumer Health Deutschland GmbH"},"attributes":{"packaging_size":"24 St"},"brand":{"name":"Grippostad","readable_id":"16Y4HY0K"},"seller":{"seller_id":"6fee4fe5-caf4-485d-9e1a-a3a5808ec912","seller_name":"DocMorris Apotheke","seller_postal_code":"6422","has_same_day_delivery":false},"variant_count":3,"has_stock":true,"category_hierarchy":{"lv1":["Arzneimittel \u0026 Gesundheit \u003e Erkältung \u0026 Grippe"],"lv0":["Arzneimittel \u0026 Gesundheit"],"lv2":["Arzneimittel \u0026 Gesundheit \u003e Erkältung \u0026 Grippe \u003e Grippaler Infekt"]},"rating":{"average_overall":4.69,"total_reviews":1336},"categories_belongs_to":[{"readable_id":"PY9GWZ6M","name":"Erkältung \u0026 Grippe"},{"readable_id":"XVH4PLGY","name":"Arzneimittel \u0026 Gesundheit"},{"readable_id":"W4GC7VL4","name":"Grippaler Infekt"}],"sub_headline":"Hilft schnell gegen Erkältung mit Vitamin C Booster","objectID":"FX5WQKPB_6fee4fe5-caf4-485d-9e1a-a3a5808ec912","_highlightResult":{"lazy_id":{"value":"00571748","matchLevel":"none","matchedWords":[]},"readable_id":{"value":"FX5WQKPB","matchLevel":"none","matchedWords":[]},"name":{"value":"Grippostad C Hartkapseln 24 St","matchLevel":"none","matchedWords":[]},"manufacturer":{"name":{"value":"STADA Consumer Health Deutschland GmbH","matchLevel":"none","matchedWords":[]}},"keywords":[{"value":"Erkältung","matchLevel":"none","matchedWords":[]},{"value":"Grippe","matchLevel":"none","matchedWords":[]},{"value":"Infekt","matchLevel":"none","matchedWords":[]},{"value":"Grippostad","matchLevel":"none","matchedWords":[]},{"value":"Fieber","matchLevel":"none","matchedWords":[]},{"value":"Gliederschmerzen","matchLevel":"none","matchedWords":[]}],"brand":{"name":{"value":"Grippostad","matchLevel":"none","matchedWords":[]},"readable_id":{"value":"16Y4HY0K","matchLevel":"none","matchedWords":[]}},"pzn_trimmed_zeros":{"value":"571748","matchLevel":"none","matchedWords":[]}},"_rankingInfo":{"nbTypos":0,"firstMatchedWord":0,"proximityDistance":0,"userScore":92,"geoDistance":0,"geoPrecision":1,"nbExactWords":0,"words":0,"filters":2}},{"product_id":"abc22fe5-cc42-45b3-905d-2aac0657cca0","lazy_id":"11240397","product_group_id":"abc22fe5-cc42-45b3-905d-2aac0657cca0","readable_id":"FX5U2BBF","ean":null,"slug":"voltaren-schmerzgel-forte-232-mgg","name":"Voltaren Schmerzgel forte 23,2 mg/g 180 g","medias_v2":[{"resource":"/static/produkte/FX5U2BBF/docmorris/voltaren-schmerzgel-forte-23-2-mg-g-180-g-11240397-0-1740513661383403.jpg","position":0,"base_url":"https://statics.docmorris.de"}],"pricing":{"price":24.99,"base_price":"138.83 €/kg","recommended_price":34.9,"show_recommended_price":true,"savings_percentage":28,"prescription_types_prices":[{"price":0,"type":"payment_exempt"},{"price":24.99,"type":"private"},{"price":5,"type":"public"}]},"sales_type":"otc","pharmaceutical_properties":{"drug":true,"veterinary_medicament":false,"free_public_prescription":true,"pharmaceutical_form":"Gel","atc_code":"M02AA15","cold_chain":false,"active_ingredients":[],"import_reimport":false,"is_cbd":false},"manufacturer":{"manufacturer_id":"3e98dde1-2a80-4f98-82f0-bb86f80b2062","name":"Haleon Germany GmbH"},"attributes":{"alter_1":["14"],"eigenschaften":["zuckerfrei","alkoholfrei","frei von Soja","frei von Nüssen","laktosefrei","glutenfrei"],"alter_2":["Jahre"],"packaging_size":"180 g"},"brand":{"name":"Voltaren","readable_id":"MMZYZW15"},"seller":{"seller_id":"6fee4fe5-caf4-485d-9e1a-a3a5808ec912","seller_name":"DocMorris Apotheke","seller_postal_code":"6422","has_same_day_delivery":false},"variant_count":5,"has_stock":true,"category_hierarchy":{"lv3":["Arzneimittel \u0026 Gesundheit \u003e Muskeln, Knochen, Gelenke \u003e Stauchung, Prellung \u0026 Zerrung \u003e Cremes \u0026 Gele","Arzneimittel \u0026 Gesundheit \u003e Schmerzmittel \u003e Schmerzmittel nach Wirkstoff \u003e Diclofenac"],"lv2":["Arzneimittel \u0026 Gesundheit \u003e Muskeln, Knochen, Gelenke \u003e Stauchung, Prellung \u0026 Zerrung","Arzneimittel \u0026 Gesundheit \u003e Schmerzmittel \u003e Rückenschmerzen","Arzneimittel \u0026 Gesundheit \u003e Muskeln, Knochen, Gelenke \u003e Arthrose \u0026 Arthritis","Arzneimittel \u0026 Gesundheit \u003e Schmerzmittel \u003e Schmerzmittel nach Wirkstoff"],"lv1":["Arzneimittel \u0026 Gesundheit \u003e Muskeln, Knochen, Gelenke","Arzneimittel \u0026 Gesundheit \u003e Schmerzmittel"],"lv0":["Arzneimittel \u0026 Gesundheit"]},"rating":{"average_overall":4.71,"total_reviews":2003},"categories_belongs_to":[{"readable_id":"LNVK6T6Z","name":"Cremes \u0026 Gele"},{"readable_id":"PNC4LW00","name":"Stauchung, Prellung \u0026 Zerrung"},{"readable_id":"JZXT93TZ","name":"Muskeln, Knochen, Gelenke"},{"readable_id":"XVH4PLGY","name":"Arzneimittel \u0026 Gesundheit"},{"readable_id":"6WCJ6V2X","name":"Rückenschmerzen"},{"readable_id":"L1WPMT3G","name":"Schmerzmittel"},{"readable_id":"XX2L0XT4","name":"Arthrose \u0026 Arthritis"},{"readable_id":"60KT833P","name":"Diclofenac"},{"readable_id":"Y01V1ZJZ","name":"Schmerzmittel nach Wirkstoff"}],"sub_headline":"Schmerzlinderung bei akuten Rücken- und Gelenkschmerzen für bis zu 12 Stunden","objectID":"FX5U2BBF_6fee4fe5-caf4-485d-9e1a-a3a5808ec912","_highlightResult":{"lazy_id":{"value":"11240397","matchLevel":"none","matchedWords":[]},"readable_id":{"value":"FX5U2BBF","matchLevel":"none","matchedWords":[]},"name":{"value":"Voltaren Schmerzgel forte 23,2 mg/g 180 g","matchLevel":"none","matchedWords":[]},"manufacturer":{"name":{"value":"Haleon Germany GmbH","matchLevel":"none","matchedWords":[]}},"keywords":[{"value":"Knieschmerzen Schmerzgel","matchLevel":"none","matchedWords":[]},{"value":"Schmerzgel","matchLevel":"none","matchedWords":[]},{"value":"Schmerzgel stark","matchLevel":"none","matchedWords":[]},{"value":"Schmerzgel Knie","matchLevel":"none","matchedWords":[]},{"value":"Schmerzgel entzündungshemmend","matchLevel":"none","matchedWords":[]},{"value":"Kniearthrose Schmerzgel","matchLevel":"none","matchedWords":[]},{"value":"Diclofenac Schmerzgel","matchLevel":"none","matchedWords":[]},{"value":"Diclofenac Gel PZN 08628265","matchLevel":"none","matchedWords":[]},{"value":"Diclofenac Gel PZN 08628266","matchLevel":"none","matchedWords":[]},{"value":"Diclofenac Gel","matchLevel":"none","matchedWords":[]},{"value":"voltaren","matchLevel":"none","matchedWords":[]},{"value":"entzündungshemmend salbe voltaren","matchLevel":"none","matchedWords":[]},{"value":"voltaren forte salbe","matchLevel":"none","matchedWords":[]},{"value":"voltaren mit applikator","matchLevel":"none","matchedWords":[]},{"value":"voltaren mit komfort applikator","matchLevel":"none","matchedWords":[]},{"value":"voltaren forte gel","matchLevel":"none","matchedWords":[]},{"value":"voltaren aplikator","matchLevel":"none","matchedWords":[]},{"value":"schmerzgel voltaren","matchLevel":"none","matchedWords":[]},{"value":"voltaren diclofenac","matchLevel":"none","matchedWords":[]},{"value":"voltaren emulgel","matchLevel":"none","matchedWords":[]},{"value":"voltaren komfort","matchLevel":"none","matchedWords":[]},{"value":"arzneimittel voltaren","matchLevel":"none","matchedWords":[]},{"value":"voltaren komfort","matchLevel":"none","matchedWords":[]},{"value":"voltaren forte gel","matchLevel":"none","matchedWords":[]},{"value":"voltaren forte salbe","matchLevel":"none","matchedWords":[]},{"value":"voltaren aplikator","matchLevel":"none","matchedWords":[]},{"value":"voltaren mit applikator","matchLevel":"none","matchedWords":[]},{"value":"arzneimittel voltaren","matchLevel":"none","matchedWords":[]},{"value":"voltaren emulgel","matchLevel":"none","matchedWords":[]},{"value":"entzündungshemmend salbe voltaren","matchLevel":"none","matchedWords":[]},{"value":"voltaren diclofenac","matchLevel":"none","matchedWords":[]},{"value":"voltaren mit komfort applikator","matchLevel":"none","matchedWords":[]},{"value":"schmerzgel voltaren","matchLevel":"none","matchedWords":[]},{"value":"entzündungshemmend salbe voltaren","matchLevel":"none","matchedWords":[]},{"value":"Diclofenac","matchLevel":"none","matchedWords":[]},{"value":"Voltaren Gel","matchLevel":"none","matchedWords":[]}],"brand":{"name":{"value":"Voltaren","matchLevel":"none","matchedWords":[]},"readable_id":{"value":"MMZYZW15","matchLevel":"none","matchedWords":[]}},"pzn_trimmed_zeros":{"value":"11240397","matchLevel":"none","matchedWords":[]}},"_rankingInfo":{"nbTypos":0,"firstMatchedWord":0,"proximityDistance":0,"userScore":91,"geoDistance":0,"geoPrecision":1,"nbExactWords":0,"words":0,"filters":2}},{"product_id":"785fa5b0-1c32-4d90-b325-ad9757f67da0","lazy_id":"04114918","product_group_id":"86e665f9-fbcc-45c1-9a8a-ccdb03f0dff9","readable_id":"FX5ZNJV7","ean":null,"slug":"aspirin-complex-granulat","name":"Aspirin Complex Granulat 20 St","medias_v2":[{"resource":"/static/produkte/FX5ZNJV7/docmorris/aspirin-complex-granulat-20-st-04114918-0-1751313639227119.jpg","position":0,"base_url":"https://statics.docmorris.de"}],"pricing":{"price":10.65,"base_price":"0.53 €/St","recommended_price":18.98,"show_recommended_price":true,"savings_percentage":44,"prescription_types_prices":[{"price":0,"type":"payment_exempt"},{"price":10.65,"type":"private"},{"price":5,"type":"public"}]},"sales_type":"otx","pharmaceutical_properties":{"drug":true,"veterinary_medicament":false,"free_public_prescription":true,"pharmaceutical_form":"Granulat zur Herstellung einer Suspension zum Einnehmen","atc_code":"R05XA22","cold_chain":false,"active_ingredients":[],"import_reimport":false,"is_cbd":false},"manufacturer":{"manufacturer_id":"2956063d-8121-4ffe-87db-85f694e26bfb","name":"Bayer Vital GmbH Geschäftsbereich Selbstmedikation"},"attributes":{"eigenschaften":["ohne Konservierungsstoffe","vegan","duftstofffrei","alkoholfrei","frei von Soja","laktosefrei","glutenfrei"],"alter_2":["Jahre"],"alter_1":["16"],"packaging_size":"20 St"},"brand":{"name":"Aspirin","readable_id":"RN0GP91X"},"seller":{"seller_id":"6fee4fe5-caf4-485d-9e1a-a3a5808ec912","seller_name":"DocMorris Apotheke","seller_postal_code":"6422","has_same_day_delivery":false},"variant_count":2,"has_stock":true,"category_hierarchy":{"lv0":["Arzneimittel \u0026 Gesundheit"],"lv1":["Arzneimittel \u0026 Gesundheit \u003e Schmerzmittel","Arzneimittel \u0026 Gesundheit \u003e Erkältung \u0026 Grippe"],"lv3":["Arzneimittel \u0026 Gesundheit \u003e Schmerzmittel \u003e Schmerzmittel nach Wirkstoff \u003e ASS","Arzneimittel \u0026 Gesundheit \u003e Erkältung \u0026 Grippe \u003e Schnupfen \u0026 Nasennebenhöhlenentzündung \u003e Schleimlöser"],"lv2":["Arzneimittel \u0026 Gesundheit \u003e Schmerzmittel \u003e Schmerzmittel nach Wirkstoff","Arzneimittel \u0026 Gesundheit \u003e Erkältung \u0026 Grippe \u003e Schnupfen \u0026 Nasennebenhöhlenentzündung","Arzneimittel \u0026 Gesundheit \u003e Erkältung \u0026 Grippe \u003e Husten \u0026 Bronchitis","Arzneimittel \u0026 Gesundheit \u003e Schmerzmittel \u003e Rückenschmerzen","Arzneimittel \u0026 Gesundheit \u003e Schmerzmittel \u003e Regelschmerzen","Arzneimittel \u0026 Gesundheit \u003e Erkältung \u0026 Grippe \u003e Grippaler Infekt","Arzneimittel \u0026 Gesundheit \u003e Schmerzmittel \u003e Kopfschmerzen \u0026 Migräne"]},"rating":{"average_overall":4.74,"total_reviews":1243},"categories_belongs_to":[{"readable_id":"XVH4PLGY","name":"Arzneimittel \u0026 Gesundheit"},{"readable_id":"L1WPMT3G","name":"Schmerzmittel"},{"readable_id":"PY9GWZ6M","name":"Erkältung \u0026 Grippe"},{"readable_id":"CPHMVC40","name":"ASS"},{"readable_id":"Y01V1ZJZ","name":"Schmerzmittel nach Wirkstoff"},{"readable_id":"JRNKXGFK","name":"Schnupfen \u0026 Nasennebenhöhlenentzündung"},{"readable_id":"V9M3L4Z7","name":"Husten \u0026 Bronchitis"},{"readable_id":"6WCJ6V2X","name":"Rückenschmerzen"},{"readable_id":"2Z3TGC5C","name":"Schleimlöser"},{"readable_id":"H9J54TM7","name":"Regelschmerzen"},{"readable_id":"W4GC7VL4","name":"Grippaler Infekt"},{"readable_id":"TKJHPYYR","name":"Kopfschmerzen \u0026 Migräne"}],"sub_headline":"Lindert Erkältungsschmerzen und Schnupfen schnell und unkompliziert","objectID":"FX5ZNJV7_6fee4fe5-caf4-485d-9e1a-a3a5808ec912","_highlightResult":{"lazy_id":{"value":"04114918","matchLevel":"none","matchedWords":[]},"readable_id":{"value":"FX5ZNJV7","matchLevel":"none","matchedWords":[]},"name":{"value":"Aspirin Complex Granulat 20 St","matchLevel":"none","matchedWords":[]},"manufacturer":{"name":{"value":"Bayer Vital GmbH Geschäftsbereich Selbstmedikation","matchLevel":"none","matchedWords":[]}},"keywords":[{"value":"erkältung","matchLevel":"none","matchedWords":[]},{"value":"grippe","matchLevel":"none","matchedWords":[]},{"value":"schnupfen","matchLevel":"none","matchedWords":[]},{"value":"gliederschmerzen","matchLevel":"none","matchedWords":[]},{"value":"halsschmerzen","matchLevel":"none","matchedWords":[]},{"value":"grippaler infekt","matchLevel":"none","matchedWords":[]},{"value":"nasennebenhöhlenentzündung","matchLevel":"none","matchedWords":[]},{"value":"fieber","matchLevel":"none","matchedWords":[]},{"value":"schluckbeschwerden","matchLevel":"none","matchedWords":[]},{"value":"sommergrippe","matchLevel":"none","matchedWords":[]},{"value":"rachenentzündung","matchLevel":"none","matchedWords":[]},{"value":"nasennebenhöhlen","matchLevel":"none","matchedWords":[]},{"value":"starke halsschmerzen","matchLevel":"none","matchedWords":[]},{"value":"gegen erkältung","matchLevel":"none","matchedWords":[]},{"value":"verstopfte nase","matchLevel":"none","matchedWords":[]}],"brand":{"name":{"value":"Aspirin","matchLevel":"none","matchedWords":[]},"readable_id":{"value":"RN0GP91X","matchLevel":"none","matchedWords":[]}},"pzn_trimmed_zeros":{"value":"4114918","matchLevel":"none","matchedWords":[]}},"_rankingInfo":{"nbTypos":0,"firstMatchedWord":0,"proximityDistance":0,"userScore":90,"geoDistance":0,"geoPrecision":1,"nbExactWords":0,"words":0,"filters":2}},{"product_id":"c890089f-3dfe-4d61-bea1-f3637ea68e9b","lazy_id":"06312077","product_group_id":"53e874bc-a598-4a74-aaa6-6e08766600f0","readable_id":"FX58U253","ean":null,"slug":"ass-1001-a-pharma-tah-tabletten","name":"ASS 100-1 A Pharma TAH Tabletten 100 St","medias_v2":[{"resource":"/static/produkte/FX58U253/docmorris/ass-100-1-a-pharma-tah-tabletten-100-st-06312077-0-1765396821439280.jpg","position":0,"base_url":"https://statics.docmorris.de"}],"pricing":{"price":1.49,"base_price":"0.01 €/St","recommended_price":2.8,"show_recommended_price":true,"savings_percentage":47,"prescription_types_prices":[{"price":0,"type":"payment_exempt"},{"price":1.49,"type":"private"},{"price":2.8,"type":"public"}]},"sales_type":"otx","pharmaceutical_properties":{"drug":true,"veterinary_medicament":false,"free_public_prescription":true,"pharmaceutical_form":"Tabletten","atc_code":"B01AC06","cold_chain":false,"active_ingredients":["Acetylsalicylsäure"],"import_reimport":false,"is_cbd":false},"manufacturer":{"manufacturer_id":"37e0eb61-10e2-4d28-a498-90b4da103e0c","name":"1A Pharma GmbH"},"attributes":{"packaging_size":"100 St"},"brand":{"name":"1 A Pharma","readable_id":"LVFCLMT8"},"seller":{"seller_id":"6fee4fe5-caf4-485d-9e1a-a3a5808ec912","seller_name":"DocMorris Apotheke","seller_postal_code":"6422","has_same_day_delivery":false},"variant_count":2,"has_stock":true,"category_hierarchy":{"lv3":["Arzneimittel \u0026 Gesundheit \u003e Herz, Kreislauf \u0026 Gedächtnis \u003e Herz \u003e Blutverdünnung"],"lv2":["Arzneimittel \u0026 Gesundheit \u003e Herz, Kreislauf \u0026 Gedächtnis \u003e Herz"],"lv1":["Arzneimittel \u0026 Gesundheit \u003e Herz, Kreislauf \u0026 Gedächtnis"],"lv0":["Arzneimittel \u0026 Gesundheit"]},"rating":{"average_overall":4.76,"total_reviews":735},"categories_belongs_to":[{"readable_id":"JYJTC3CP","name":"Blutverdünnung"},{"readable_id":"XNK48HJF","name":"Herz"},{"readable_id":"Y5JPMKZK","name":"Herz, Kreislauf \u0026 Gedächtnis"},{"readable_id":"XVH4PLGY","name":"Arzneimittel \u0026 Gesundheit"}],"sub_headline":"Zur Verringerung des Zusammenhaftens der Blutplättchen","objectID":"FX58U253_6fee4fe5-caf4-485d-9e1a-a3a5808ec912","_highlightResult":{"lazy_id":{"value":"06312077","matchLevel":"none","matchedWords":[]},"readable_id":{"value":"FX58U253","matchLevel":"none","matchedWords":[]},"name":{"value":"ASS 100-1 A Pharma TAH Tabletten 100 St","matchLevel":"none","matchedWords":[]},"pharmaceutical_properties":{"active_ingredients":[{"value":"Acetylsalicylsäure","matchLevel":"none","matchedWords":[]}]},"manufacturer":{"name":{"value":"1A Pharma GmbH","matchLevel":"none","matchedWords":[]}},"keywords":[{"value":"ass","matchLevel":"none","matchedWords":[]},{"value":"thrombozyten","matchLevel":"none","matchedWords":[]},{"value":"blutgerinnung","matchLevel":"none","matchedWords":[]},{"value":"herz","matchLevel":"none","matchedWords":[]},{"value":"blutgerinsel","matchLevel":"none","matchedWords":[]},{"value":"schlaganfall","matchLevel":"none","matchedWords":[]},{"value":"acetylsalicylsäure","matchLevel":"none","matchedWords":[]},{"value":"herz kreislauf","matchLevel":"none","matchedWords":[]},{"value":"tah","matchLevel":"none","matchedWords":[]},{"value":"herzschmerzen","matchLevel":"none","matchedWords":[]},{"value":"trombozytenaggregationshemmer","matchLevel":"none","matchedWords":[]}],"brand":{"name":{"value":"1 A Pharma","matchLevel":"none","matchedWords":[]},"readable_id":{"value":"LVFCLMT8","matchLevel":"none","matchedWords":[]}},"pzn_trimmed_zeros":{"value":"6312077","matchLevel":"none","matchedWords":[]}},"_rankingInfo":{"nbTypos":0,"firstMatchedWord":0,"proximityDistance":0,"userScore":89,"geoDistance":0,"geoPrecision":1,"nbExactWords":0,"words":0,"filters":2}},{"product_id":"a0eda1ca-9ab7-4597-8e59-214c0f009fd4","lazy_id":"01578818","product_group_id":"2189e8c4-5ef8-4742-8851-1a287a82ad52","readable_id":"FX5JKDBT","ean":null,"slug":"bepanthen-wund-und-heilsalbe","name":"Bepanthen Wund- und Heilsalbe 50 g","medias_v2":[{"resource":"/static/produkte/FX5JKDBT/docmorris/bepanthen-wund-und-heilsalbe-50-g-01578818-0-1713969353015936.jpeg","position":0,"base_url":"https://statics.docmorris.de"}],"pricing":{"price":9.29,"base_price":"185.80 €/kg","recommended_price":12.89,"show_recommended_price":true,"savings_percentage":28,"prescription_types_prices":[{"price":7.89,"type":"payment_exempt"},{"price":9.29,"type":"private"},{"price":12.89,"type":"public"}]},"sales_type":"otx","pharmaceutical_properties":{"drug":true,"veterinary_medicament":false,"free_public_prescription":true,"pharmaceutical_form":"Salbe","atc_code":"D03AX03","cold_chain":false,"active_ingredients":["Dexpanthenol"],"import_reimport":false,"is_cbd":false},"manufacturer":{"manufacturer_id":"2956063d-8121-4ffe-87db-85f694e26bfb","name":"Bayer Vital GmbH Geschäftsbereich Selbstmedikation"},"attributes":{"eigenschaften":["ohne Konservierungsstoffe","duftstofffrei","alkoholfrei","frei von Soja","laktosefrei","glutenfrei"],"geeignet_fuer":["Schwangere","Stillzeit"],"packaging_size":"50 g"},"brand":{"name":"Bepanthen","readable_id":"CZGC2XGC"},"seller":{"seller_id":"6fee4fe5-caf4-485d-9e1a-a3a5808ec912","seller_name":"DocMorris Apotheke","seller_postal_code":"6422","has_same_day_delivery":false},"variant_count":6,"has_stock":true,"category_hierarchy":{"lv0":["Arzneimittel \u0026 Gesundheit","Kinder \u0026 Familie","Sanitätshaus"],"lv2":["Kinder \u0026 Familie \u003e Baby \u0026 Kind \u003e Wundversorgung \u0026 -heilung","Arzneimittel \u0026 Gesundheit \u003e Haut, Haare \u0026 Nägel \u003e Wundheilung","Arzneimittel \u0026 Gesundheit \u003e Haus- \u0026 Reiseapotheke \u003e Reiseapotheke"],"lv1":["Kinder \u0026 Familie \u003e Baby \u0026 Kind","Arzneimittel \u0026 Gesundheit \u003e Haut, Haare \u0026 Nägel","Arzneimittel \u0026 Gesundheit \u003e Haus- \u0026 Reiseapotheke"],"lv3":["Arzneimittel \u0026 Gesundheit \u003e Haut, Haare \u0026 Nägel \u003e Wundheilung \u003e Wund- \u0026 Heilsalben","Arzneimittel \u0026 Gesundheit \u003e Haus- \u0026 Reiseapotheke \u003e Reiseapotheke \u003e Nützliche Reisebegleiter"]},"rating":{"average_overall":4.85,"total_reviews":3544},"categories_belongs_to":[{"readable_id":"XVH4PLGY","name":"Arzneimittel \u0026 Gesundheit"},{"readable_id":"V3FWT769","name":"Wundversorgung \u0026 -heilung"},{"readable_id":"74TVZRY4","name":"Baby \u0026 Kind"},{"readable_id":"Z193X952","name":"Kinder \u0026 Familie"},{"readable_id":"8GLWX605","name":"Wundheilung"},{"readable_id":"TJ17R1WH","name":"Haut, Haare \u0026 Nägel"},{"readable_id":"C4X41GMR","name":"Haus- \u0026 Reiseapotheke"},{"readable_id":"882X66NX","name":"Wund- \u0026 Heilsalben"},{"readable_id":"R7ZK5VHW","name":"Reiseapotheke"},{"readable_id":"NZ6GGZ3Y","name":"Nützliche Reisebegleiter"},{"readable_id":"7K2C92WR","name":"Sanitätshaus"}],"sub_headline":"Fördert Wundheilung, ohne Konservierungsstoffe, auch für Säuglinge geeignet","objectID":"FX5JKDBT_6fee4fe5-caf4-485d-9e1a-a3a5808ec912","_highlightResult":{"lazy_id":{"value":"01578818","matchLevel":"none","matchedWords":[]},"readable_id":{"value":"FX5JKDBT","matchLevel":"none","matchedWords":[]},"name":{"value":"Bepanthen Wund- und Heilsalbe 50 g","matchLevel":"none","matchedWords":[]},"pharmaceutical_properties":{"active_ingredients":[{"value":"Dexpanthenol","matchLevel":"none","matchedWords":[]}]},"manufacturer":{"name":{"value":"Bayer Vital GmbH Geschäftsbereich Selbstmedikation","matchLevel":"none","matchedWords":[]}},"keywords":[{"value":"blasen","matchLevel":"none","matchedWords":[]},{"value":"trockene haut","matchLevel":"none","matchedWords":[]},{"value":"wundheilung","matchLevel":"none","matchedWords":[]},{"value":"narben","matchLevel":"none","matchedWords":[]},{"value":"narbenpflege","matchLevel":"none","matchedWords":[]},{"value":"schürfwunde","matchLevel":"none","matchedWords":[]},{"value":"narbe","matchLevel":"none","matchedWords":[]},{"value":"schrunden","matchLevel":"none","matchedWords":[]},{"value":"wundheilungsphasen","matchLevel":"none","matchedWords":[]},{"value":"wund","matchLevel":"none","matchedWords":[]},{"value":"narbenbildung","matchLevel":"none","matchedWords":[]},{"value":"wundsalbe","matchLevel":"none","matchedWords":[]},{"value":"platzwunde","matchLevel":"none","matchedWords":[]},{"value":"wunden","matchLevel":"none","matchedWords":[]},{"value":"schuppige haut","matchLevel":"none","matchedWords":[]}],"brand":{"name":{"value":"Bepanthen","matchLevel":"none","matchedWords":[]},"readable_id":{"value":"CZGC2XGC","matchLevel":"none","matchedWords":[]}},"pzn_trimmed_zeros":{"value":"1578818","matchLevel":"none","matchedWords":[]}},"_rankingInfo":{"nbTypos":0,"firstMatchedWord":0,"proximityDistance":0,"userScore":88,"geoDistance":0,"geoPrecision":1,"nbExactWords":0,"words":0,"filters":2}},{"product_id":"01567817-ceea-47e1-8c00-a8a176a51685","lazy_id":"03929274","product_group_id":"01567817-ceea-47e1-8c00-a8a176a51685","readable_id":"FX5ZLVI1","ean":null,"slug":"nasenspray-al-01","name":"Nasenspray AL 0,1% 10 ml","medias_v2":[{"resource":"/static/produkte/FX5ZLVI1/docmorris/nasenspray-al-0-1-10-ml-03929274-0-1756843238691033.jpg","position":0,"base_url":"https://statics.docmorris.de"}],"pricing":{"price":2.99,"base_price":"299.00 €/l","recommended_price":4.97,"show_recommended_price":true,"savings_percentage":40,"prescription_types_prices":[{"price":1.77,"type":"payment_exempt"},{"price":2.99,"type":"private"},{"price":4.97,"type":"public"}]},"sales_type":"otx","pharmaceutical_properties":{"drug":true,"veterinary_medicament":false,"free_public_prescription":true,"pharmaceutical_form":"Lösung","atc_code":"R01AA07","cold_chain":false,"active_ingredients":[],"import_reimport":false,"is_cbd":false},"manufacturer":{"manufacturer_id":"cfd39936-1931-4097-9348-111e45ef1b8d","name":"ALIUD Pharma GmbH"},"attributes":{"alter_1":["6"],"eigenschaften":["duftstofffrei","zuckerfrei","frei von Soja","parabenfrei","laktosefrei","glutenfrei"],"alter_2":["Jahre"],"packaging_size":"10 ml"},"brand":{"name":"Aliud Pharma","readable_id":"VPZNK396"},"seller":{"seller_id":"6fee4fe5-caf4-485d-9e1a-a3a5808ec912","seller_name":"DocMorris Apotheke","seller_postal_code":"6422","has_same_day_delivery":false},"variant_count":2,"has_stock":true,"category_hierarchy":{"lv3":["Arzneimittel \u0026 Gesundheit \u003e Erkältung \u0026 Grippe \u003e Schnupfen \u0026 Nasennebenhöhlenentzündung \u003e Nasensprays"],"lv2":["Arzneimittel \u0026 Gesundheit \u003e Erkältung \u0026 Grippe \u003e Schnupfen \u0026 Nasennebenhöhlenentzündung","Kinder \u0026 Familie \u003e Baby \u0026 Kind \u003e Schnupfen"],"lv1":["Arzneimittel \u0026 Gesundheit \u003e Erkältung \u0026 Grippe","Kinder \u0026 Familie \u003e Baby \u0026 Kind"],"lv0":["Arzneimittel \u0026 Gesundheit","Kinder \u0026 Familie"]},"rating":{"average_overall":4.77,"total_reviews":592},"categories_belongs_to":[{"readable_id":"GPF2JTG4","name":"Nasensprays"},{"readable_id":"JRNKXGFK","name":"Schnupfen \u0026 Nasennebenhöhlenentzündung"},{"readable_id":"PY9GWZ6M","name":"Erkältung \u0026 Grippe"},{"readable_id":"XVH4PLGY","name":"Arzneimittel \u0026 Gesundheit"},{"readable_id":"YMC66T33","name":"Schnupfen"},{"readable_id":"74TVZRY4","name":"Baby \u0026 Kind"},{"readable_id":"Z193X952","name":"Kinder \u0026 Familie"}],"sub_headline":"Befreit verstopfte Nase und erleichtert Schleimabfluss","objectID":"FX5ZLVI1_6fee4fe5-caf4-485d-9e1a-a3a5808ec912","_highlightResult":{"lazy_id":{"value":"03929274","matchLevel":"none","matchedWords":[]},"readable_id":{"value":"FX5ZLVI1","matchLevel":"none","matchedWords":[]},"name":{"value":"Nasenspray AL 0,1% 10 ml","matchLevel":"none","matchedWords":[]},"manufacturer":{"name":{"value":"ALIUD Pharma GmbH","matchLevel":"none","matchedWords":[]}},"keywords":[{"value":"heuschnupfenmittel","matchLevel":"none","matchedWords":[]},{"value":"heuschnupfenspray","matchLevel":"none","matchedWords":[]},{"value":"nasenspray allergie","matchLevel":"none","matchedWords":[]},{"value":"urlaub","matchLevel":"none","matchedWords":[]},{"value":"allergiemittel","matchLevel":"none","matchedWords":[]},{"value":"verstopften nasen","matchLevel":"none","matchedWords":[]},{"value":"erkältungsbeschwerden","matchLevel":"none","matchedWords":[]},{"value":"trockene nasenschleimhaut","matchLevel":"none","matchedWords":[]},{"value":"befeuchtung der nasenschleimhaut","matchLevel":"none","matchedWords":[]},{"value":"nasenhöhle","matchLevel":"none","matchedWords":[]}],"brand":{"name":{"value":"Aliud Pharma","matchLevel":"none","matchedWords":[]},"readable_id":{"value":"VPZNK396","matchLevel":"none","matchedWords":[]}},"pzn_trimmed_zeros":{"value":"3929274","matchLevel":"none","matchedWords":[]}},"_rankingInfo":{"nbTypos":0,"firstMatchedWord":0,"proximityDistance":0,"userScore":87,"geoDistance":0,"geoPrecision":1,"nbExactWords":0,"words":0,"filters":2}},{"product_id":"f19daf96-af41-4a93-b0e0-c8802b3412ec","lazy_id":"16507534","product_group_id":"f19daf96-af41-4a93-b0e0-c8802b3412ec","readable_id":"LGGX4C9U","ean":null,"slug":"iberogast-classic-fluessigkeit","name":"Iberogast Classic Flüssigkeit 20 ml","medias_v2":[{"resource":"/static/produkte/LGGX4C9U/docmorris/iberogast-classic-fluessigkeit-20-ml-16507534-0-1755547274773159.jpg","position":0,"base_url":"https://statics.docmorris.de"}],"pricing":{"price":10.99,"base_price":"549.50 €/l","recommended_price":13.99,"show_recommended_price":true,"savings_percentage":21,"prescription_types_prices":[{"price":0,"type":"payment_exempt"},{"price":10.99,"type":"private"},{"price":5,"type":"public"}]},"sales_type":"otx","pharmaceutical_properties":{"drug":true,"veterinary_medicament":false,"free_public_prescription":true,"pharmaceutical_form":"Flüssigkeit zum Einnehmen","atc_code":"A03FP30","cold_chain":false,"active_ingredients":[],"import_reimport":false,"is_cbd":false},"manufacturer":{"manufacturer_id":"2956063d-8121-4ffe-87db-85f694e26bfb","name":"Bayer Vital GmbH Geschäftsbereich Selbstmedikation"},"attributes":{"eigenschaften":["ohne Konservierungsstoffe","duftstofffrei","zuckerfrei","frei von Soja","pflanzlich","laktosefrei","glutenfrei"],"alter_2":["Jahre"],"alter_1":["3"],"packaging_size":"20 ml"},"brand":{"name":"Iberogast","readable_id":"1VRNZNFV"},"seller":{"seller_id":"6fee4fe5-caf4-485d-9e1a-a3a5808ec912","seller_name":"DocMorris Apotheke","seller_postal_code":"6422","has_same_day_delivery":false},"variant_count":5,"has_stock":true,"category_hierarchy":{"lv2":["Arzneimittel \u0026 Gesundheit \u003e Magen, Darm \u0026 Verdauung \u003e Übelkeit","Arzneimittel \u0026 Gesundheit \u003e Homöopathie \u0026 Natur \u003e Pflanzen- \u0026 Naturtherapie","Arzneimittel \u0026 Gesundheit \u003e Magen, Darm \u0026 Verdauung \u003e Sodbrennen und Übersäuerung","Arzneimittel \u0026 Gesundheit \u003e Magen, Darm \u0026 Verdauung \u003e Verstopfung und Darmträgheit","Arzneimittel \u0026 Gesundheit \u003e Magen, Darm \u0026 Verdauung \u003e Blähungen","Arzneimittel \u0026 Gesundheit \u003e Magen, Darm \u0026 Verdauung \u003e Leber \u0026 Galle"],"lv1":["Arzneimittel \u0026 Gesundheit \u003e Magen, Darm \u0026 Verdauung","Arzneimittel \u0026 Gesundheit \u003e Homöopathie \u0026 Natur"],"lv0":["Arzneimittel \u0026 Gesundheit"],"lv3":["Arzneimittel \u0026 Gesundheit \u003e Homöopathie \u0026 Natur \u003e Pflanzen- \u0026 Naturtherapie \u003e Magen \u0026 Darm"]},"rating":{"average_overall":4.73,"total_reviews":1077},"categories_belongs_to":[{"readable_id":"C7GPGT4L","name":"Übelkeit"},{"readable_id":"4N90X2N4","name":"Magen, Darm \u0026 Verdauung"},{"readable_id":"XVH4PLGY","name":"Arzneimittel \u0026 Gesundheit"},{"readable_id":"GXZW4Z89","name":"Magen \u0026 Darm"},{"readable_id":"0THFHTYR","name":"Pflanzen- \u0026 Naturtherapie"},{"readable_id":"KGR59GKL","name":"Homöopathie \u0026 Natur"},{"readable_id":"JZJV3PWP","name":"Sodbrennen und Übersäuerung"},{"readable_id":"12VLTT0Z","name":"Verstopfung und Darmträgheit"},{"readable_id":"77CXG5CN","name":"Blähungen"},{"readable_id":"9YH1KY29","name":"Leber \u0026 Galle"}],"sub_headline":"Bekämpft Magen-Darm-Beschwerden mit 9 pflanzlichen Heilpflanzenextrakten","objectID":"LGGX4C9U_6fee4fe5-caf4-485d-9e1a-a3a5808ec912","_highlightResult":{"lazy_id":{"value":"16507534","matchLevel":"none","matchedWords":[]},"readable_id":{"value":"LGGX4C9U","matchLevel":"none","matchedWords":[]},"name":{"value":"Iberogast Classic Flüssigkeit 20 ml","matchLevel":"none","matchedWords":[]},"manufacturer":{"name":{"value":"Bayer Vital GmbH Geschäftsbereich Selbstmedikation","matchLevel":"none","matchedWords":[]}},"keywords":[{"value":"magenschmerzen","matchLevel":"none","matchedWords":[]},{"value":"magen darm","matchLevel":"none","matchedWords":[]},{"value":"magendarm","matchLevel":"none","matchedWords":[]},{"value":"magen-darm","matchLevel":"none","matchedWords":[]},{"value":"reizdarm","matchLevel":"none","matchedWords":[]},{"value":"reizmagen","matchLevel":"none","matchedWords":[]},{"value":"blähungen","matchLevel":"none","matchedWords":[]},{"value":"bauchschmerzen","matchLevel":"none","matchedWords":[]},{"value":"verdauung","matchLevel":"none","matchedWords":[]},{"value":"übelkeit","matchLevel":"none","matchedWords":[]},{"value":"magen","matchLevel":"none","matchedWords":[]},{"value":"magenkrämpfe","matchLevel":"none","matchedWords":[]},{"value":"sodbrennen","matchLevel":"none","matchedWords":[]},{"value":"oberbauchschmerzen","matchLevel":"none","matchedWords":[]},{"value":"magen darm beschwerden","matchLevel":"none","matchedWords":[]},{"value":"bauchkrämpfe","matchLevel":"none","matchedWords":[]},{"value":"reizdarmsyndrom","matchLevel":"none","matchedWords":[]},{"value":"luft im bauch","matchLevel":"none","matchedWords":[]},{"value":"völlegefühl","matchLevel":"none","matchedWords":[]},{"value":"verdauung anregen","matchLevel":"none","matchedWords":[]},{"value":"magensäure","matchLevel":"none","matchedWords":[]},{"value":"magentropfen","matchLevel":"none","matchedWords":[]},{"value":"magen darm grippe","matchLevel":"none","matchedWords":[]},{"value":"magenschleimhautentzündung","matchLevel":"none","matchedWords":[]},{"value":"flatulenz","matchLevel":"none","matchedWords":[]},{"value":"magenverstimmung","matchLevel":"none","matchedWords":[]},{"value":"darmkrämpfe","matchLevel":"none","matchedWords":[]},{"value":"bauchschmerzen unterbauch","matchLevel":"none","matchedWords":[]},{"value":"erbrechen","matchLevel":"none","matchedWords":[]},{"value":"starke bauchschmerzen","matchLevel":"none","matchedWords":[]},{"value":"nervöser magen","matchLevel":"none","matchedWords":[]},{"value":"bauchschmerzen und übelkeit","matchLevel":"none","matchedWords":[]},{"value":"durchfall","matchLevel":"none","matchedWords":[]},{"value":"sodbrennen","matchLevel":"none","matchedWords":[]},{"value":"Abführmittel","matchLevel":"none","matchedWords":[]},{"value":"verstopfung","matchLevel":"none","matchedWords":[]},{"value":"reiseapotheke","matchLevel":"none","matchedWords":[]},{"value":"Darmflora","matchLevel":"none","matchedWords":[]}],"brand":{"name":{"value":"Iberogast","matchLevel":"none","matchedWords":[]},"readable_id":{"value":"1VRNZNFV","matchLevel":"none","matchedWords":[]}},"pzn_trimmed_zeros":{"value":"16507534","matchLevel":"none","matchedWords":[]}},"_rankingInfo":{"nbTypos":0,"firstMatchedWord":0,"proximityDistance":0,"userScore":86,"geoDistance":0,"geoPrecision":1,"nbExactWords":0,"words":0,"filters":2}},{"product_id":"3b643670-9e33-4572-a3e1-5a31cc350fa9","lazy_id":"02837759","product_group_id":"1f387929-2a5e-4b5f-afff-231419e298d1","readable_id":"FX5QYBJ8","ean":"4250297404531","slug":"ketozolin-2-shampoo","name":"Ketozolin 2% Shampoo 120 ml","medias_v2":[{"resource":"/static/produkte/FX5QYBJ8/docmorris/ketozolin-2-shampoo-120-ml-02837759-0-1763711653558463.jpg","position":0,"base_url":"https://statics.docmorris.de"}],"pricing":{"price":14.89,"base_price":"124.08 €/l","recommended_price":19.9,"show_recommended_price":true,"savings_percentage":25,"prescription_types_prices":[{"price":0,"type":"payment_exempt"},{"price":14.89,"type":"private"},{"price":5,"type":"public"}]},"sales_type":"otx","pharmaceutical_properties":{"drug":true,"veterinary_medicament":false,"free_public_prescription":true,"pharmaceutical_form":"Shampoo","atc_code":"D01AC08","cold_chain":false,"active_ingredients":["Ketoconazol"],"import_reimport":false,"is_cbd":false},"manufacturer":{"manufacturer_id":"fbe6882d-e91d-41bd-9a4d-868a64863e00","name":"Dermapharm AG Arzneimittel"},"attributes":{"alter_1":["12"],"eigenschaften":["ohne Konservierungsstoffe","duftstofffrei","zuckerfrei","alkoholfrei","frei von Soja","silikonfrei","frei von Nüssen","laktosefrei","glutenfrei","ohne Aluminiumsalze","acetonfrei","ammoniakfrei"],"alter_2":["Jahre"],"geeignet_fuer":["Diabetiker"],"filterfarbe":["Rot"],"packaging_size":"120 ml"},"brand":{"name":"Ketozolin","readable_id":"0Z200N34"},"seller":{"seller_id":"6fee4fe5-caf4-485d-9e1a-a3a5808ec912","seller_name":"DocMorris Apotheke","seller_postal_code":"6422","has_same_day_delivery":false},"variant_count":2,"has_stock":true,"category_hierarchy":{"lv2":["Arzneimittel \u0026 Gesundheit \u003e Haut, Haare \u0026 Nägel \u003e Schuppen \u0026 Schuppenflechte","Beauty \u0026 Pflege \u003e Gesicht \u003e Gesichtspflege für Männer","Beauty \u0026 Pflege \u003e Haare \u003e Nach Haartyp","Arzneimittel \u0026 Gesundheit \u003e Haut, Haare \u0026 Nägel \u003e Pilzerkrankungen"],"lv1":["Arzneimittel \u0026 Gesundheit \u003e Haut, Haare \u0026 Nägel","Beauty \u0026 Pflege \u003e Gesicht","Beauty \u0026 Pflege \u003e Haare"],"lv0":["Arzneimittel \u0026 Gesundheit","Beauty \u0026 Pflege"],"lv3":["Beauty \u0026 Pflege \u003e Gesicht \u003e Gesichtspflege für Männer \u003e Bartpflege","Beauty \u0026 Pflege \u003e Haare \u003e Nach Haartyp \u003e Anti-Schuppen"]},"rating":{"average_overall":4.69,"total_reviews":229},"categories_belongs_to":[{"readable_id":"4XW76945","name":"Schuppen \u0026 Schuppenflechte"},{"readable_id":"TJ17R1WH","name":"Haut, Haare \u0026 Nägel"},{"readable_id":"XVH4PLGY","name":"Arzneimittel \u0026 Gesundheit"},{"readable_id":"DJX3O","name":"Bartpflege"},{"readable_id":"QU9N6","name":"Gesichtspflege für Männer"},{"readable_id":"CLL78LW1","name":"Gesicht"},{"readable_id":"W1V3K6LG","name":"Beauty \u0026 Pflege"},{"readable_id":"0WMLF0KN","name":"Anti-Schuppen"},{"readable_id":"G9TN146F","name":"Nach Haartyp"},{"readable_id":"0LCXH89C","name":"Haare"},{"readable_id":"X0HH2Y5L","name":"Pilzerkrankungen"}],"sub_headline":"Wirkt bei Seborrhoischem Ekzem und Schuppen ab der ersten Anwendung","objectID":"FX5QYBJ8_6fee4fe5-caf4-485d-9e1a-a3a5808ec912","_highlightResult":{"lazy_id":{"value":"02837759","matchLevel":"none","matchedWords":[]},"readable_id":{"value":"FX5QYBJ8","matchLevel":"none","matchedWords":[]},"ean":{"value":"4250297404531","matchLevel":"none","matchedWords":[]},"name":{"value":"Ketozolin 2% Shampoo 120 ml","matchLevel":"none","matchedWords":[]},"pharmaceutical_properties":{"active_ingredients":[{"value":"Ketoconazol","matchLevel":"none","matchedWords":[]}]},"manufacturer":{"name":{"value":"Dermapharm AG Arzneimittel","matchLevel":"none","matchedWords":[]}},"keywords":[{"value":"Schuppen","matchLevel":"none","matchedWords":[]},{"value":"hautpilz","matchLevel":"none","matchedWords":[]},{"value":"seborrhoisches ekzem","matchLevel":"none","matchedWords":[]},{"value":"juckende kopfhaut","matchLevel":"none","matchedWords":[]},{"value":"kleienpilzflechte","matchLevel":"none","matchedWords":[]},{"value":"juckreiz","matchLevel":"none","matchedWords":[]},{"value":"pilzinfektion","matchLevel":"none","matchedWords":[]},{"value":"anti schuppen","matchLevel":"none","matchedWords":[]},{"value":"seborrhoische dermatitis","matchLevel":"none","matchedWords":[]},{"value":"hefepilz haut","matchLevel":"none","matchedWords":[]},{"value":"schuppen","matchLevel":"none","matchedWords":[]},{"value":"hautpilz","matchLevel":"none","matchedWords":[]},{"value":"seborrhoisches ekzem","matchLevel":"none","matchedWords":[]},{"value":"juckende kopfhaut","matchLevel":"none","matchedWords":[]},{"value":"kleienpilzflechte","matchLevel":"none","matchedWords":[]},{"value":"juckreiz","matchLevel":"none","matchedWords":[]},{"value":"ketozolin","matchLevel":"none","matchedWords":[]},{"value":"pilzinfektion","matchLevel":"none","matchedWords":[]},{"value":"terzolin","matchLevel":"none","matchedWords":[]},{"value":"anti schuppen","matchLevel":"none","matchedWords":[]}],"brand":{"name":{"value":"Ketozolin","matchLevel":"none","matchedWords":[]},"readable_id":{"value":"0Z200N34","matchLevel":"none","matchedWords":[]}},"pzn_trimmed_zeros":{"value":"2837759","matchLevel":"none","matchedWords":[]}},"_rankingInfo":{"nbTypos":0,"firstMatchedWord":0,"proximityDistance":0,"userScore":85,"geoDistance":0,"geoPrecision":1,"nbExactWords":0,"words":0,"filters":2}},{"product_id":"9e724da9-dd52-406b-848e-87cef34c748a","lazy_id":"03045316","product_group_id":"d75a5971-11f3-4d04-9238-2791b3e08226","readable_id":"FX5Q2QLR","ean":null,"slug":"ibu-400-akut","name":"Ibu 400 akut 50 St","medias_v2":[{"resource":"/static/produkte/FX5Q2QLR/docmorris/ibu-400-akut-50-st-03045316-0-1745352026296987.jpg","position":0,"base_url":"https://statics.docmorris.de"}],"pricing":{"price":5.59,"base_price":"0.11 €/St","recommended_price":10.42,"show_recommended_price":true,"savings_percentage":46,"prescription_types_prices":[{"price":0,"type":"payment_exempt"},{"price":5.59,"type":"private"},{"price":5,"type":"public"}]},"sales_type":"otx","pharmaceutical_properties":{"drug":true,"veterinary_medicament":false,"free_public_prescription":true,"pharmaceutical_form":"Filmtabletten","atc_code":"M01AE01","cold_chain":false,"active_ingredients":["Ibuprofen"],"import_reimport":false,"is_cbd":false},"manufacturer":{"manufacturer_id":"37e0eb61-10e2-4d28-a498-90b4da103e0c","name":"1A Pharma GmbH"},"attributes":{"packaging_size":"50 St"},"brand":{"name":"1 A Pharma","readable_id":"LVFCLMT8"},"seller":{"seller_id":"6fee4fe5-caf4-485d-9e1a-a3a5808ec912","seller_name":"DocMorris Apotheke","seller_postal_code":"6422","has_same_day_delivery":false},"variant_count":4,"has_stock":true,"category_hierarchy":{"lv1":["Arzneimittel \u0026 Gesundheit \u003e Schmerzmittel","Arzneimittel \u0026 Gesundheit \u003e Erkältung \u0026 Grippe"],"lv0":["Arzneimittel \u0026 Gesundheit"],"lv3":["Arzneimittel \u0026 Gesundheit \u003e Schmerzmittel \u003e Schmerzmittel nach Wirkstoff \u003e Ibuprofen","Arzneimittel \u0026 Gesundheit \u003e Erkältung \u0026 Grippe \u003e Fieberthermometer \u0026 Mittel \u003e Fiebersenkende Mittel"],"lv2":["Arzneimittel \u0026 Gesundheit \u003e Schmerzmittel \u003e Schmerzmittel nach Wirkstoff","Arzneimittel \u0026 Gesundheit \u003e Erkältung \u0026 Grippe \u003e Fieberthermometer \u0026 Mittel"]},"rating":{"average_overall":4.78,"total_reviews":482},"categories_belongs_to":[{"readable_id":"L1WPMT3G","name":"Schmerzmittel"},{"readable_id":"XVH4PLGY","name":"Arzneimittel \u0026 Gesundheit"},{"readable_id":"LN2XV15C","name":"Ibuprofen"},{"readable_id":"Y01V1ZJZ","name":"Schmerzmittel nach Wirkstoff"},{"readable_id":"VVLC2JHN","name":"Fiebersenkende Mittel"},{"readable_id":"6TG9M9P6","name":"Fieberthermometer \u0026 Mittel"},{"readable_id":"PY9GWZ6M","name":"Erkältung \u0026 Grippe"}],"sub_headline":"Lindert Schmerzen \u0026 Fieber bei Kindern ab 6 Jahren, Jugendlichen \u0026 Erwachsenen","objectID":"FX5Q2QLR_6fee4fe5-caf4-485d-9e1a-a3a5808ec912","_highlightResult":{"lazy_id":{"value":"03045316","matchLevel":"none","matchedWords":[]},"readable_id":{"value":"FX5Q2QLR","matchLevel":"none","matchedWords":[]},"name":{"value":"Ibu 400 akut 50 St","matchLevel":"none","matchedWords":[]},"pharmaceutical_properties":{"active_ingredients":[{"value":"Ibuprofen","matchLevel":"none","matchedWords":[]}]},"manufacturer":{"name":{"value":"1A Pharma GmbH","matchLevel":"none","matchedWords":[]}},"keywords":[{"value":"ibu","matchLevel":"none","matchedWords":[]},{"value":"fieber","matchLevel":"none","matchedWords":[]},{"value":"rückenschmerzen","matchLevel":"none","matchedWords":[]},{"value":"rheuma","matchLevel":"none","matchedWords":[]},{"value":"zahnschmerzen","matchLevel":"none","matchedWords":[]},{"value":"regelschmerzen","matchLevel":"none","matchedWords":[]},{"value":"bauchschmerzen","matchLevel":"none","matchedWords":[]},{"value":"ibuprofen","matchLevel":"none","matchedWords":[]},{"value":"kopfschmerzen","matchLevel":"none","matchedWords":[]},{"value":"schmerzen","matchLevel":"none","matchedWords":[]},{"value":"halsschmerzen","matchLevel":"none","matchedWords":[]},{"value":"kopfschmerzen","matchLevel":"none","matchedWords":[]},{"value":"bauchschmerzen","matchLevel":"none","matchedWords":[]}],"brand":{"name":{"value":"1 A Pharma","matchLevel":"none","matchedWords":[]},"readable_id":{"value":"LVFCLMT8","matchLevel":"none","matchedWords":[]}},"pzn_trimmed_zeros":{"value":"3045316","matchLevel":"none","matchedWords":[]}},"_rankingInfo":{"nbTypos":0,"firstMatchedWord":0,"proximityDistance":0,"userScore":84,"geoDistance":0,"geoPrecision":1,"nbExactWords":0,"words":0,"filters":2}},{"product_id":"603e37f3-9d77-4f61-9a17-99b3931288f2","lazy_id":"01689009","product_group_id":"603e37f3-9d77-4f61-9a17-99b3931288f2","readable_id":"FX5SSO76","ean":"4015600147006","slug":"wick-medinait-erkaeltungssirup","name":"WICK MediNait Erkältungssirup 180 ml","medias_v2":[{"resource":"/static/produkte/FX5SSO76/docmorris/wick-medinait-erkaeltungssirup-180-ml-01689009-0-1741704562341794.jpeg","position":0,"base_url":"https://statics.docmorris.de"}],"pricing":{"price":16.99,"base_price":"94.39 €/l","recommended_price":25.49,"show_recommended_price":true,"savings_percentage":33,"prescription_types_prices":[{"price":0,"type":"payment_exempt"},{"price":16.99,"type":"private"},{"price":5,"type":"public"}]},"sales_type":"otc","pharmaceutical_properties":{"drug":true,"veterinary_medicament":false,"free_public_prescription":true,"pharmaceutical_form":"Sirup","atc_code":"R05XA01","cold_chain":false,"active_ingredients":[],"import_reimport":false,"is_cbd":false},"manufacturer":{"manufacturer_id":"20d0262c-3ed7-4b61-8361-ae372bd01cb2","name":"WICK Pharma - Zweigniederlassung der Procter \u0026 Gamble GmbH"},"attributes":{"alter_2":["Jahre"],"alter_1":["16"],"packaging_size":"180 ml"},"brand":{"name":"WICK","readable_id":"F6V4CF4L"},"seller":{"seller_id":"6fee4fe5-caf4-485d-9e1a-a3a5808ec912","seller_name":"DocMorris Apotheke","seller_postal_code":"6422","has_same_day_delivery":false},"variant_count":5,"has_stock":true,"category_hierarchy":{"lv1":["Arzneimittel \u0026 Gesundheit \u003e Erkältung \u0026 Grippe"],"lv0":["Arzneimittel \u0026 Gesundheit"],"lv2":["Arzneimittel \u0026 Gesundheit \u003e Erkältung \u0026 Grippe \u003e Fieberthermometer \u0026 Mittel","Arzneimittel \u0026 Gesundheit \u003e Erkältung \u0026 Grippe \u003e Vorbeugen \u0026 Abwehr stärken","Arzneimittel \u0026 Gesundheit \u003e Erkältung \u0026 Grippe \u003e Grippaler Infekt"]},"rating":{"average_overall":4.76,"total_reviews":1202},"categories_belongs_to":[{"readable_id":"PY9GWZ6M","name":"Erkältung \u0026 Grippe"},{"readable_id":"XVH4PLGY","name":"Arzneimittel \u0026 Gesundheit"},{"readable_id":"6TG9M9P6","name":"Fieberthermometer \u0026 Mittel"},{"readable_id":"ZCK3PFLN","name":"Vorbeugen \u0026 Abwehr stärken"},{"readable_id":"W4GC7VL4","name":"Grippaler Infekt"}],"sub_headline":"Lindert 6 Erkältungssymptome für erholsamen Schlaf","objectID":"FX5SSO76_6fee4fe5-caf4-485d-9e1a-a3a5808ec912","_highlightResult":{"lazy_id":{"value":"01689009","matchLevel":"none","matchedWords":[]},"readable_id":{"value":"FX5SSO76","matchLevel":"none","matchedWords":[]},"ean":{"value":"4015600147006","matchLevel":"none","matchedWords":[]},"name":{"value":"WICK MediNait Erkältungssirup 180 ml","matchLevel":"none","matchedWords":[]},"manufacturer":{"name":{"value":"WICK Pharma - Zweigniederlassung der Procter \u0026 Gamble GmbH","matchLevel":"none","matchedWords":[]}},"keywords":[{"value":"Erkältung","matchLevel":"none","matchedWords":[]},{"value":"Erkältungsmittel","matchLevel":"none","matchedWords":[]},{"value":"Fieber","matchLevel":"none","matchedWords":[]},{"value":"Husten","matchLevel":"none","matchedWords":[]},{"value":"Grippe","matchLevel":"none","matchedWords":[]},{"value":"Gliederschmerzen","matchLevel":"none","matchedWords":[]},{"value":"Halsschmerzen","matchLevel":"none","matchedWords":[]},{"value":"Schnupfen","matchLevel":"none","matchedWords":[]},{"value":"Erkältungssymptome","matchLevel":"none","matchedWords":[]},{"value":"Reizhusten","matchLevel":"none","matchedWords":[]},{"value":"Paracetamol","matchLevel":"none","matchedWords":[]},{"value":"Ibuprofen","matchLevel":"none","matchedWords":[]},{"value":"Hustensaft","matchLevel":"none","matchedWords":[]},{"value":"Fiebersaft","matchLevel":"none","matchedWords":[]},{"value":"Grippemittel","matchLevel":"none","matchedWords":[]},{"value":"Schmerzmittel","matchLevel":"none","matchedWords":[]},{"value":"Hustenreiz","matchLevel":"none","matchedWords":[]},{"value":"Fiebertherapie","matchLevel":"none","matchedWords":[]},{"value":"Hustenstiller","matchLevel":"none","matchedWords":[]},{"value":"Atemwegserkrankung","matchLevel":"none","matchedWords":[]},{"value":"Schleimlöser","matchLevel":"none","matchedWords":[]},{"value":"Fieber senken","matchLevel":"none","matchedWords":[]},{"value":"Halstabletten","matchLevel":"none","matchedWords":[]},{"value":"Hustentropfen","matchLevel":"none","matchedWords":[]},{"value":"Inhalation","matchLevel":"none","matchedWords":[]},{"value":"Erkältungszeit","matchLevel":"none","matchedWords":[]},{"value":"Grippeimpfung","matchLevel":"none","matchedWords":[]},{"value":"Virale Infektion","matchLevel":"none","matchedWords":[]},{"value":"Fieber messen","matchLevel":"none","matchedWords":[]},{"value":"Fieberthermometer","matchLevel":"none","matchedWords":[]},{"value":"Hausmittel gegen Husten","matchLevel":"none","matchedWords":[]},{"value":"Erkältung vorbeugen","matchLevel":"none","matchedWords":[]},{"value":"Grippesymptome","matchLevel":"none","matchedWords":[]},{"value":"Husten und Schnupfen","matchLevel":"none","matchedWords":[]},{"value":"Halsschmerzen lindern","matchLevel":"none","matchedWords":[]},{"value":"Paracetamol Dosierung","matchLevel":"none","matchedWords":[]},{"value":"Ibuprofen Wirkung","matchLevel":"none","matchedWords":[]},{"value":"Hustenmittel","matchLevel":"none","matchedWords":[]},{"value":"Grippebehandlung","matchLevel":"none","matchedWords":[]},{"value":"erkältungen","matchLevel":"none","matchedWords":[]},{"value":"erkaltung","matchLevel":"none","matchedWords":[]},{"value":"erkältunk","matchLevel":"none","matchedWords":[]},{"value":"krank","matchLevel":"none","matchedWords":[]},{"value":"Huste","matchLevel":"none","matchedWords":[]}],"brand":{"name":{"value":"WICK","matchLevel":"none","matchedWords":[]},"readable_id":{"value":"F6V4CF4L","matchLevel":"none","matchedWords":[]}},"pzn_trimmed_zeros":{"value":"1689009","matchLevel":"none","matchedWords":[]}},"_rankingInfo":{"nbTypos":0,"firstMatchedWord":0,"proximityDistance":0,"userScore":83,"geoDistance":0,"geoPrecision":1,"nbExactWords":0,"words":0,"filters":2}},{"product_id":"fe2a76bd-7ff5-418d-80a3-9a97d11d62b1","lazy_id":"04911945","product_group_id":"8063acdc-591e-4761-9649-3b8ec654185b","readable_id":"FX5K73KW","ean":null,"slug":"magnesium-verla-n-dragees","name":"Magnesium Verla N Dragees 200 St","medias_v2":[{"resource":"/static/produkte/FX5K73KW/docmorris/magnesium-verla-n-dragees-200-st-04911945-0-1714027178475510.jpeg","position":0,"base_url":"https://statics.docmorris.de"}],"pricing":{"price":13.99,"base_price":"0.07 €/St","recommended_price":18.99,"show_recommended_price":true,"savings_percentage":26,"prescription_types_prices":[{"price":4.01,"type":"payment_exempt"},{"price":13.99,"type":"private"},{"price":9.01,"type":"public"}]},"sales_type":"otx","pharmaceutical_properties":{"drug":true,"veterinary_medicament":false,"free_public_prescription":true,"pharmaceutical_form":"Tabletten magensaftresistent","atc_code":"A12CC30","cold_chain":false,"active_ingredients":[],"import_reimport":false,"is_cbd":false},"manufacturer":{"manufacturer_id":"aa890478-fb3c-4aee-8296-9fdba49fdb59","name":"Verla-Pharm Arzneimittel GmbH \u0026 Co. KG"},"attributes":{"eigenschaften":["vegan","vegetarisch","glutenfrei"],"packaging_size":"200 St"},"brand":{"name":"Verla","readable_id":"FL7FTR31"},"seller":{"seller_id":"6fee4fe5-caf4-485d-9e1a-a3a5808ec912","seller_name":"DocMorris Apotheke","seller_postal_code":"6422","has_same_day_delivery":false},"variant_count":6,"has_stock":true,"category_hierarchy":{"lv2":["Arzneimittel \u0026 Gesundheit \u003e Muskeln, Knochen, Gelenke \u003e Muskel- \u0026 Wadenkrämpfe","Vitamine, Sport \u0026 Ernährung \u003e Nahrungsergänzung \u003e Mineralstoffe \u0026 Spurenelemente","Arzneimittel \u0026 Gesundheit \u003e Diabetes \u003e Diabetische Begleiterkrankung"],"lv1":["Arzneimittel \u0026 Gesundheit \u003e Muskeln, Knochen, Gelenke","Vitamine, Sport \u0026 Ernährung \u003e Nahrungsergänzung","Arzneimittel \u0026 Gesundheit \u003e Diabetes"],"lv0":["Arzneimittel \u0026 Gesundheit","Vitamine, Sport \u0026 Ernährung"],"lv3":["Vitamine, Sport \u0026 Ernährung \u003e Nahrungsergänzung \u003e Mineralstoffe \u0026 Spurenelemente \u003e Magnesium","Arzneimittel \u0026 Gesundheit \u003e Diabetes \u003e Diabetische Begleiterkrankung \u003e Therapieergänzung"]},"rating":{"average_overall":4.79,"total_reviews":903},"categories_belongs_to":[{"readable_id":"Y711Z33P","name":"Muskel- \u0026 Wadenkrämpfe"},{"readable_id":"JZXT93TZ","name":"Muskeln, Knochen, Gelenke"},{"readable_id":"XVH4PLGY","name":"Arzneimittel \u0026 Gesundheit"},{"readable_id":"FU1CZ","name":"Magnesium"},{"readable_id":"IGBQP","name":"Mineralstoffe \u0026 Spurenelemente"},{"readable_id":"KFVND","name":"Nahrungsergänzung"},{"readable_id":"7TPHZ61C","name":"Vitamine, Sport \u0026 Ernährung"},{"readable_id":"Y74T5580","name":"Therapieergänzung"},{"readable_id":"8N1565NK","name":"Diabetische Begleiterkrankung"},{"readable_id":"NYY50HRY","name":"Diabetes"}],"sub_headline":"Magenverträglich \u0026 leicht zu schlucken bei Magnesiummangel","objectID":"FX5K73KW_6fee4fe5-caf4-485d-9e1a-a3a5808ec912","_highlightResult":{"lazy_id":{"value":"04911945","matchLevel":"none","matchedWords":[]},"readable_id":{"value":"FX5K73KW","matchLevel":"none","matchedWords":[]},"name":{"value":"Magnesium Verla N Dragees 200 St","matchLevel":"none","matchedWords":[]},"manufacturer":{"name":{"value":"Verla-Pharm Arzneimittel GmbH \u0026 Co. KG","matchLevel":"none","matchedWords":[]}},"keywords":[{"value":"magnesium","matchLevel":"none","matchedWords":[]},{"value":"magnesiummangel","matchLevel":"none","matchedWords":[]},{"value":"kraempfe","matchLevel":"none","matchedWords":[]},{"value":"muskelkrampf","matchLevel":"none","matchedWords":[]},{"value":"wadenkrampf","matchLevel":"none","matchedWords":[]},{"value":"verspannung","matchLevel":"none","matchedWords":[]},{"value":"muskelverspannung","matchLevel":"none","matchedWords":[]},{"value":"muskelkater","matchLevel":"none","matchedWords":[]}],"brand":{"name":{"value":"Verla","matchLevel":"none","matchedWords":[]},"readable_id":{"value":"FL7FTR31","matchLevel":"none","matchedWords":[]}},"pzn_trimmed_zeros":{"value":"4911945","matchLevel":"none","matchedWords":[]}},"_rankingInfo":{"nbTypos":0,"firstMatchedWord":0,"proximityDistance":0,"userScore":82,"geoDistance":0,"geoPrecision":1,"nbExactWords":0,"words":0,"filters":2}},{"product_id":"43ee6f43-424d-4473-8269-5005ee0f30cc","lazy_id":"03120822","product_group_id":"43ee6f43-424d-4473-8269-5005ee0f30cc","readable_id":"FX5LEOCV","ean":"4007965015717","slug":"elmex-gelee-zahngel-mit-fluorid","name":"Elmex Gelee Zahngel mit Fluorid 25 g","medias_v2":[{"resource":"/static/produkte/FX5LEOCV/docmorris/elmex-gelee-zahngel-mit-fluorid-25-g-03120822-0-1744270672852244.jpg","position":0,"base_url":"https://statics.docmorris.de"}],"pricing":{"price":13.99,"base_price":"559.60 €/kg","recommended_price":17.98,"show_recommended_price":true,"savings_percentage":22,"prescription_types_prices":[{"price":0,"type":"payment_exempt"},{"price":13.99,"type":"private"},{"price":5,"type":"public"}]},"sales_type":"otx","pharmaceutical_properties":{"drug":true,"veterinary_medicament":false,"free_public_prescription":true,"pharmaceutical_form":"Gel","atc_code":"A01AA30","cold_chain":false,"active_ingredients":[],"import_reimport":false,"is_cbd":false},"manufacturer":{"manufacturer_id":"13eac38a-7793-4da3-ab74-0943b5314389","name":"CP GABA GmbH"},"attributes":{"eigenschaften":["vegan","vegetarisch"],"packaging_size":"25 g"},"brand":{"name":"elmex","readable_id":"NF6Z9VHP"},"seller":{"seller_id":"6fee4fe5-caf4-485d-9e1a-a3a5808ec912","seller_name":"DocMorris Apotheke","seller_postal_code":"6422","has_same_day_delivery":false},"variant_count":1,"has_stock":true,"category_hierarchy":{"lv3":["Arzneimittel \u0026 Gesundheit \u003e Mund- \u0026 Zahngesundheit \u003e Kinderzahnpflege \u003e Zahnen","Arzneimittel \u0026 Gesundheit \u003e Mund- \u0026 Zahngesundheit \u003e Mundpflege \u003e Mundspülung und -gele","Arzneimittel \u0026 Gesundheit \u003e Mund- \u0026 Zahngesundheit \u003e Zahnpflege \u003e Zahnpasta","Arzneimittel \u0026 Gesundheit \u003e Mund- \u0026 Zahngesundheit \u003e Kinderzahnpflege \u003e Fluor"],"lv2":["Arzneimittel \u0026 Gesundheit \u003e Mund- \u0026 Zahngesundheit \u003e Kinderzahnpflege","Arzneimittel \u0026 Gesundheit \u003e Mund- \u0026 Zahngesundheit \u003e Mundpflege","Kinder \u0026 Familie \u003e Baby \u0026 Kind \u003e Baby- \u0026 Kinderpflege","Arzneimittel \u0026 Gesundheit \u003e Mund- \u0026 Zahngesundheit \u003e Zahnpflege"],"lv1":["Arzneimittel \u0026 Gesundheit \u003e Mund- \u0026 Zahngesundheit","Kinder \u0026 Familie \u003e Baby \u0026 Kind"],"lv0":["Arzneimittel \u0026 Gesundheit","Kinder \u0026 Familie"]},"rating":{"average_overall":4.53,"total_reviews":529},"categories_belongs_to":[{"readable_id":"8N7P27J8","name":"Zahnen"},{"readable_id":"3G11X0CM","name":"Kinderzahnpflege"},{"readable_id":"FT4R5LXK","name":"Mund- \u0026 Zahngesundheit"},{"readable_id":"XVH4PLGY","name":"Arzneimittel \u0026 Gesundheit"},{"readable_id":"2FV52G3G","name":"Mundspülung und -gele"},{"readable_id":"Z8PG8VRV","name":"Mundpflege"},{"readable_id":"TF92N2XK","name":"Baby- \u0026 Kinderpflege"},{"readable_id":"74TVZRY4","name":"Baby \u0026 Kind"},{"readable_id":"Z193X952","name":"Kinder \u0026 Familie"},{"readable_id":"825LT222","name":"Zahnpasta"},{"readable_id":"YH41R1K2","name":"Zahnpflege"},{"readable_id":"MLZZKH7Y","name":"Fluor"}],"sub_headline":"Remineralisiert beginnende Karies und stärkt Zahnschmelz ab 6 Jahren","objectID":"FX5LEOCV_6fee4fe5-caf4-485d-9e1a-a3a5808ec912","_highlightResult":{"lazy_id":{"value":"03120822","matchLevel":"none","matchedWords":[]},"readable_id":{"value":"FX5LEOCV","matchLevel":"none","matchedWords":[]},"ean":{"value":"4007965015717","matchLevel":"none","matchedWords":[]},"name":{"value":"Elmex Gelee Zahngel mit Fluorid 25 g","matchLevel":"none","matchedWords":[]},"manufacturer":{"name":{"value":"CP GABA GmbH","matchLevel":"none","matchedWords":[]}},"keywords":[{"value":"Kariesprophylaxe","matchLevel":"none","matchedWords":[]},{"value":"schmerzempfindliche zähne","matchLevel":"none","matchedWords":[]},{"value":"zahnschmerzen","matchLevel":"none","matchedWords":[]},{"value":"empfindliche zähne","matchLevel":"none","matchedWords":[]},{"value":"karies vorbeugung","matchLevel":"none","matchedWords":[]},{"value":"zahnschmelz","matchLevel":"none","matchedWords":[]},{"value":"kariesschutz","matchLevel":"none","matchedWords":[]},{"value":"zähne","matchLevel":"none","matchedWords":[]},{"value":"zahnpasta","matchLevel":"none","matchedWords":[]},{"value":"zahngel","matchLevel":"none","matchedWords":[]},{"value":"zahnschmelz aufbau","matchLevel":"none","matchedWords":[]},{"value":"stärkung des zahnschmelz","matchLevel":"none","matchedWords":[]},{"value":"aminfluorid","matchLevel":"none","matchedWords":[]},{"value":"karies vermeiden","matchLevel":"none","matchedWords":[]},{"value":"gegen säureangriffe","matchLevel":"none","matchedWords":[]},{"value":"karies vorbeugen","matchLevel":"none","matchedWords":[]},{"value":"karies","matchLevel":"none","matchedWords":[]},{"value":"kinder Zahnpasta","matchLevel":"none","matchedWords":[]},{"value":"elmex gelee","matchLevel":"none","matchedWords":[]},{"value":"dental gel","matchLevel":"none","matchedWords":[]},{"value":"zahncreme","matchLevel":"none","matchedWords":[]},{"value":"Zahnspange","matchLevel":"none","matchedWords":[]},{"value":"Kariesprophylaxe","matchLevel":"none","matchedWords":[]},{"value":"zahnpasta kinder","matchLevel":"none","matchedWords":[]},{"value":"fluorid","matchLevel":"none","matchedWords":[]},{"value":"elmex gelée","matchLevel":"none","matchedWords":[]}],"brand":{"name":{"value":"elmex","matchLevel":"none","matchedWords":[]},"readable_id":{"value":"NF6Z9VHP","matchLevel":"none","matchedWords":[]}},"pzn_trimmed_zeros":{"value":"3120822","matchLevel":"none","matchedWords":[]}},"_rankingInfo":{"nbTypos":0,"firstMatchedWord":0,"proximityDistance":0,"userScore":81,"geoDistance":0,"geoPrecision":1,"nbExactWords":0,"words":0,"filters":2}},{"product_id":"7faa4c5b-231c-4db7-bf49-6d9a89d5af92","lazy_id":"13155690","product_group_id":"3c62de06-aace-41de-aec1-4d3e2d4c86a8","readable_id":"FX5AW3BS","ean":null,"slug":"vigantol-1000-ie-vitamin-d3-tabletten","name":"VIGANTOL 1000 I.E. Vitamin D3 Tabletten 200 St","medias_v2":[{"resource":"/static/produkte/FX5AW3BS/docmorris/vigantol-1000-i-e-vitamin-d3-tabletten-200-st-13155690-0-1765529485920332.png","position":0,"base_url":"https://statics.docmorris.de"}],"pricing":{"price":12.99,"base_price":"0.06 €/St","recommended_price":17.47,"show_recommended_price":true,"savings_percentage":26,"prescription_types_prices":[{"price":0,"type":"payment_exempt"},{"price":12.99,"type":"private"},{"price":5,"type":"public"}]},"sales_type":"otc","pharmaceutical_properties":{"drug":true,"veterinary_medicament":false,"free_public_prescription":true,"pharmaceutical_form":"Tabletten","atc_code":"A11CC05","cold_chain":false,"active_ingredients":[],"import_reimport":false,"is_cbd":false},"manufacturer":{"manufacturer_id":"20d0262c-3ed7-4b61-8361-ae372bd01cb2","name":"WICK Pharma - Zweigniederlassung der Procter \u0026 Gamble GmbH"},"attributes":{"alter_1":["1"],"alter_2":["Monat"],"packaging_size":"200 St"},"brand":{"name":"Vigantol","readable_id":"VNJ940V7"},"seller":{"seller_id":"6fee4fe5-caf4-485d-9e1a-a3a5808ec912","seller_name":"DocMorris Apotheke","seller_postal_code":"6422","has_same_day_delivery":false},"variant_count":3,"has_stock":true,"category_hierarchy":{"lv3":["Vitamine, Sport \u0026 Ernährung \u003e Nahrungsergänzung \u003e Vitamine \u003e Vitamin D"],"lv2":["Vitamine, Sport \u0026 Ernährung \u003e Nahrungsergänzung \u003e Vitamine","Arzneimittel \u0026 Gesundheit \u003e Männergesundheit \u003e Vitamine \u0026 Gesundheit","Arzneimittel \u0026 Gesundheit \u003e Muskeln, Knochen, Gelenke \u003e Osteoporose"],"lv1":["Vitamine, Sport \u0026 Ernährung \u003e Nahrungsergänzung","Arzneimittel \u0026 Gesundheit \u003e Männergesundheit","Arzneimittel \u0026 Gesundheit \u003e Muskeln, Knochen, Gelenke"],"lv0":["Vitamine, Sport \u0026 Ernährung","Arzneimittel \u0026 Gesundheit"]},"rating":{"average_overall":4.71,"total_reviews":375},"categories_belongs_to":[{"readable_id":"2MHC5","name":"Vitamin D"},{"readable_id":"XM6HN","name":"Vitamine"},{"readable_id":"KFVND","name":"Nahrungsergänzung"},{"readable_id":"7TPHZ61C","name":"Vitamine, Sport \u0026 Ernährung"},{"readable_id":"3HMXL8P7","name":"Vitamine \u0026 Gesundheit"},{"readable_id":"PX67HNJ5","name":"Männergesundheit"},{"readable_id":"XVH4PLGY","name":"Arzneimittel \u0026 Gesundheit"},{"readable_id":"5KYX89HT","name":"Osteoporose"},{"readable_id":"JZXT93TZ","name":"Muskeln, Knochen, Gelenke"}],"sub_headline":"Zur Vorbeugung eines Vitamin-D-Mangels und Unterstützung gegen Osteoporose ","objectID":"FX5AW3BS_6fee4fe5-caf4-485d-9e1a-a3a5808ec912","_highlightResult":{"lazy_id":{"value":"13155690","matchLevel":"none","matchedWords":[]},"readable_id":{"value":"FX5AW3BS","matchLevel":"none","matchedWords":[]},"name":{"value":"VIGANTOL 1000 I.E. Vitamin D3 Tabletten 200 St","matchLevel":"none","matchedWords":[]},"manufacturer":{"name":{"value":"WICK Pharma - Zweigniederlassung der Procter \u0026 Gamble GmbH","matchLevel":"none","matchedWords":[]}},"keywords":[{"value":"Vitamin D","matchLevel":"none","matchedWords":[]},{"value":"Vitamin D3","matchLevel":"none","matchedWords":[]},{"value":"Knochen","matchLevel":"none","matchedWords":[]},{"value":"Immun","matchLevel":"none","matchedWords":[]},{"value":"Muskeln","matchLevel":"none","matchedWords":[]},{"value":"d3","matchLevel":"none","matchedWords":[]},{"value":"Nahrungsergänzungsmittel","matchLevel":"none","matchedWords":[]},{"value":"1000 I.E.","matchLevel":"none","matchedWords":[]},{"value":"Zink","matchLevel":"none","matchedWords":[]},{"value":"B12","matchLevel":"none","matchedWords":[]},{"value":"Vitamin C","matchLevel":"none","matchedWords":[]},{"value":"Vitamin B12","matchLevel":"none","matchedWords":[]},{"value":"Vitamin B","matchLevel":"none","matchedWords":[]},{"value":"Vitamin D 2000","matchLevel":"none","matchedWords":[]},{"value":"Vitamin","matchLevel":"none","matchedWords":[]},{"value":"Calcium","matchLevel":"none","matchedWords":[]},{"value":"Vitamin D Mangel","matchLevel":"none","matchedWords":[]},{"value":"Vitamin D Einnahme","matchLevel":"none","matchedWords":[]},{"value":"Zinkpräparate","matchLevel":"none","matchedWords":[]},{"value":"B12 Mangel","matchLevel":"none","matchedWords":[]},{"value":"Vitamin C Wirkung","matchLevel":"none","matchedWords":[]},{"value":"Vitamin B Komplex","matchLevel":"none","matchedWords":[]},{"value":"Vitamin D3 Dosierung","matchLevel":"none","matchedWords":[]},{"value":"Calciumaufnahme","matchLevel":"none","matchedWords":[]},{"value":"Mineralstoffe","matchLevel":"none","matchedWords":[]},{"value":"Vitamine für das Immunsystem","matchLevel":"none","matchedWords":[]},{"value":"Zink Wirkung","matchLevel":"none","matchedWords":[]},{"value":"B12 Ergänzung","matchLevel":"none","matchedWords":[]},{"value":"Vitamin C Präparate","matchLevel":"none","matchedWords":[]},{"value":"Vitamin D3 Wirkung","matchLevel":"none","matchedWords":[]},{"value":"Zink und Vitamin C","matchLevel":"none","matchedWords":[]},{"value":"Vitamin B Ergänzungen","matchLevel":"none","matchedWords":[]},{"value":"Calcium Supplement","matchLevel":"none","matchedWords":[]},{"value":"Zinkmangel","matchLevel":"none","matchedWords":[]},{"value":"B12 Nahrungsquellen","matchLevel":"none","matchedWords":[]},{"value":"Vitamin C für die Gesundheit","matchLevel":"none","matchedWords":[]},{"value":"Vitamin D für die Knochen","matchLevel":"none","matchedWords":[]},{"value":"Calcium für die Zähne","matchLevel":"none","matchedWords":[]},{"value":"Vitamin D und Zink","matchLevel":"none","matchedWords":[]},{"value":"Vitamin D für die Immunabwehr","matchLevel":"none","matchedWords":[]},{"value":"Vitamin B für die Energie","matchLevel":"none","matchedWords":[]},{"value":"Zinktabletten","matchLevel":"none","matchedWords":[]},{"value":"Calcium und Vitamin D","matchLevel":"none","matchedWords":[]},{"value":"Vitamn C","matchLevel":"none","matchedWords":[]},{"value":"Vitamine D","matchLevel":"none","matchedWords":[]},{"value":"Vitamine D3","matchLevel":"none","matchedWords":[]},{"value":"Vtamine","matchLevel":"none","matchedWords":[]},{"value":"Vtamine D3","matchLevel":"none","matchedWords":[]},{"value":"D33","matchLevel":"none","matchedWords":[]}],"brand":{"name":{"value":"Vigantol","matchLevel":"none","matchedWords":[]},"readable_id":{"value":"VNJ940V7","matchLevel":"none","matchedWords":[]}},"pzn_trimmed_zeros":{"value":"13155690","matchLevel":"none","matchedWords":[]}},"_rankingInfo":{"nbTypos":0,"firstMatchedWord":0,"proximityDistance":0,"userScore":80,"geoDistance":0,"geoPrecision":1,"nbExactWords":0,"words":0,"filters":2}},{"product_id":"4c436aa8-7e74-4074-9dcf-c88fd4c26a21","lazy_id":"08907142","product_group_id":"f562c531-fd63-4ced-810d-6aeee09f0843","readable_id":"FX5PGI2E","ean":null,"slug":"ciclopoli-gegen-nagelpilz","name":"Ciclopoli gegen Nagelpilz 6,6 ml","medias_v2":[{"resource":"/static/produkte/FX5PGI2E/docmorris/ciclopoli-gegen-nagelpilz-6-6-ml-08907142-0-1742462761884274.jpeg","position":0,"base_url":"https://statics.docmorris.de"}],"pricing":{"price":33.99,"base_price":"5150.00 €/l","recommended_price":46.98,"show_recommended_price":true,"savings_percentage":28,"prescription_types_prices":[{"price":0,"type":"payment_exempt"},{"price":33.99,"type":"private"},{"price":5,"type":"public"}]},"sales_type":"otx","pharmaceutical_properties":{"drug":true,"veterinary_medicament":false,"free_public_prescription":true,"pharmaceutical_form":"Wirkstoffhaltiger Nagellack","atc_code":"D01AE14","cold_chain":false,"active_ingredients":["Ciclopirox"],"import_reimport":false,"is_cbd":false},"manufacturer":{"manufacturer_id":"6ac8e2f5-9cab-4de5-82a4-54ef076b081c","name":"ALMIRALL HERMAL GmbH"},"attributes":{"eigenschaften":["ohne Konservierungsstoffe","duftstofffrei","zuckerfrei","frei von Soja","parabenfrei","gelatinefrei","frei von Nüssen","laktosefrei","glutenfrei","ohne künstliche Farbstoffe","acetonfrei","ammoniakfrei"],"alter_2":["Jahre"],"alter_1":["18"],"geeignet_fuer":["Diabetiker"],"packaging_size":"6,6 ml"},"brand":{"name":"Ciclopoli","readable_id":"RC0CG40Y"},"seller":{"seller_id":"6fee4fe5-caf4-485d-9e1a-a3a5808ec912","seller_name":"DocMorris Apotheke","seller_postal_code":"6422","has_same_day_delivery":false},"variant_count":4,"has_stock":true,"category_hierarchy":{"lv3":["Arzneimittel \u0026 Gesundheit \u003e Haut, Haare \u0026 Nägel \u003e An Händen \u0026 Füßen \u003e Nagelpilz"],"lv2":["Arzneimittel \u0026 Gesundheit \u003e Haut, Haare \u0026 Nägel \u003e An Händen \u0026 Füßen","Arzneimittel \u0026 Gesundheit \u003e Haut, Haare \u0026 Nägel \u003e Pilzerkrankungen"],"lv1":["Arzneimittel \u0026 Gesundheit \u003e Haut, Haare \u0026 Nägel"],"lv0":["Arzneimittel \u0026 Gesundheit"]},"rating":{"average_overall":4.19,"total_reviews":932},"categories_belongs_to":[{"readable_id":"4GVC8CMJ","name":"Nagelpilz"},{"readable_id":"13M3XJCP","name":"An Händen \u0026 Füßen"},{"readable_id":"TJ17R1WH","name":"Haut, Haare \u0026 Nägel"},{"readable_id":"XVH4PLGY","name":"Arzneimittel \u0026 Gesundheit"},{"readable_id":"X0HH2Y5L","name":"Pilzerkrankungen"}],"sub_headline":"Wirkstoffhaltiger Nagellack mit Ciclopirox ab 18 Jahren","objectID":"FX5PGI2E_6fee4fe5-caf4-485d-9e1a-a3a5808ec912","_highlightResult":{"lazy_id":{"value":"08907142","matchLevel":"none","matchedWords":[]},"readable_id":{"value":"FX5PGI2E","matchLevel":"none","matchedWords":[]},"name":{"value":"Ciclopoli gegen Nagelpilz 6,6 ml","matchLevel":"none","matchedWords":[]},"pharmaceutical_properties":{"active_ingredients":[{"value":"Ciclopirox","matchLevel":"none","matchedWords":[]}]},"manufacturer":{"name":{"value":"ALMIRALL HERMAL GmbH","matchLevel":"none","matchedWords":[]}},"keywords":[{"value":"ciclopirox","matchLevel":"none","matchedWords":[]},{"value":"fußnagelpilz","matchLevel":"none","matchedWords":[]},{"value":"onychomykose","matchLevel":"none","matchedWords":[]},{"value":"nagelpils","matchLevel":"none","matchedWords":[]},{"value":"antimykotika","matchLevel":"none","matchedWords":[]},{"value":"nagel pilz","matchLevel":"none","matchedWords":[]},{"value":"fingernagelpilz","matchLevel":"none","matchedWords":[]},{"value":"nagelpilz","matchLevel":"none","matchedWords":[]},{"value":"Nagellack","matchLevel":"none","matchedWords":[]},{"value":"Diabetiker geeignet","matchLevel":"none","matchedWords":[]},{"value":"Maniküre","matchLevel":"none","matchedWords":[]},{"value":"Nagel","matchLevel":"none","matchedWords":[]},{"value":"Nagelpflege","matchLevel":"none","matchedWords":[]},{"value":"Nagelpilz","matchLevel":"none","matchedWords":[]},{"value":"Pilz","matchLevel":"none","matchedWords":[]},{"value":"pilzhemmend","matchLevel":"none","matchedWords":[]},{"value":"wasserlöslich","matchLevel":"none","matchedWords":[]},{"value":"Fußpflege","matchLevel":"none","matchedWords":[]},{"value":"wirkstoffhaltiger Nagellack","matchLevel":"none","matchedWords":[]},{"value":"Fussnagel","matchLevel":"none","matchedWords":[]},{"value":"Pediküre","matchLevel":"none","matchedWords":[]},{"value":"Nagelpilz Ursache","matchLevel":"none","matchedWords":[]},{"value":"Nagelpilz behandeln","matchLevel":"none","matchedWords":[]},{"value":"Nagelpilz erkennen","matchLevel":"none","matchedWords":[]},{"value":"Nagelpilz was hilft","matchLevel":"none","matchedWords":[]},{"value":"Nagelpilz Mittel","matchLevel":"none","matchedWords":[]},{"value":"Anti Pilz Lack","matchLevel":"none","matchedWords":[]}],"brand":{"name":{"value":"Ciclopoli","matchLevel":"none","matchedWords":[]},"readable_id":{"value":"RC0CG40Y","matchLevel":"none","matchedWords":[]}},"pzn_trimmed_zeros":{"value":"8907142","matchLevel":"none","matchedWords":[]}},"_rankingInfo":{"nbTypos":0,"firstMatchedWord":0,"proximityDistance":0,"userScore":79,"geoDistance":0,"geoPrecision":1,"nbExactWords":0,"words":0,"filters":2}},{"product_id":"dea8da53-85a5-45c4-8ebf-c4c018e75d89","lazy_id":"00520917","product_group_id":"58f486bd-5ed8-459c-b539-f64b6448a24b","readable_id":"FX500P77","ean":null,"slug":"acc-akut-600-hustenloeser","name":"ACC akut 600 Hustenlöser 40 St","medias_v2":[{"resource":"/static/produkte/FX500P77/docmorris/acc-akut-600-hustenloeser-40-st-00520917-0-1728465834819722.jpeg","position":0,"base_url":"https://statics.docmorris.de"}],"pricing":{"price":19.75,"base_price":"0.49 €/St","recommended_price":36.96,"show_recommended_price":true,"savings_percentage":47,"prescription_types_prices":[{"price":19.17,"type":"payment_exempt"},{"price":19.75,"type":"private"},{"price":24.17,"type":"public"}]},"sales_type":"otx","pharmaceutical_properties":{"drug":true,"veterinary_medicament":false,"free_public_prescription":true,"pharmaceutical_form":"Brausetabletten","atc_code":"R05CB01","cold_chain":false,"active_ingredients":["Acetylcystein"],"import_reimport":false,"is_cbd":false},"manufacturer":{"manufacturer_id":"0f2fd456-8570-4871-a318-bb6400ed51ed","name":"Hexal AG"},"attributes":{"packaging_size":"40 St"},"brand":{"name":"ACC","readable_id":"ZW4ZTV69"},"seller":{"seller_id":"6fee4fe5-caf4-485d-9e1a-a3a5808ec912","seller_name":"DocMorris Apotheke","seller_postal_code":"6422","has_same_day_delivery":false},"variant_count":3,"has_stock":true,"category_hierarchy":{"lv3":["Arzneimittel \u0026 Gesundheit \u003e Erkältung \u0026 Grippe \u003e Husten \u0026 Bronchitis \u003e Hustenlöser"],"lv2":["Arzneimittel \u0026 Gesundheit \u003e Erkältung \u0026 Grippe \u003e Husten \u0026 Bronchitis","Arzneimittel \u0026 Gesundheit \u003e Erkältung \u0026 Grippe \u003e Grippaler Infekt"],"lv1":["Arzneimittel \u0026 Gesundheit \u003e Erkältung \u0026 Grippe"],"lv0":["Arzneimittel \u0026 Gesundheit"]},"rating":{"average_overall":4.72,"total_reviews":1414},"categories_belongs_to":[{"readable_id":"GY4309PW","name":"Hustenlöser"},{"readable_id":"V9M3L4Z7","name":"Husten \u0026 Bronchitis"},{"readable_id":"PY9GWZ6M","name":"Erkältung \u0026 Grippe"},{"readable_id":"XVH4PLGY","name":"Arzneimittel \u0026 Gesundheit"},{"readable_id":"W4GC7VL4","name":"Grippaler Infekt"}],"sub_headline":"Löst Schleim, erleichtert Abhusten, befreit die Bronchien\r\n\r\n","objectID":"FX500P77_6fee4fe5-caf4-485d-9e1a-a3a5808ec912","_highlightResult":{"lazy_id":{"value":"00520917","matchLevel":"none","matchedWords":[]},"readable_id":{"value":"FX500P77","matchLevel":"none","matchedWords":[]},"name":{"value":"ACC akut 600 Hustenlöser 40 St","matchLevel":"none","matchedWords":[]},"pharmaceutical_properties":{"active_ingredients":[{"value":"Acetylcystein","matchLevel":"none","matchedWords":[]}]},"manufacturer":{"name":{"value":"Hexal AG","matchLevel":"none","matchedWords":[]}},"keywords":[{"value":"Hustenlöser","matchLevel":"none","matchedWords":[]},{"value":"schleimlöser","matchLevel":"none","matchedWords":[]},{"value":"husten","matchLevel":"none","matchedWords":[]},{"value":"Verschleimter Husten","matchLevel":"none","matchedWords":[]},{"value":"verschleimter husten","matchLevel":"none","matchedWords":[]},{"value":"schleimiger husten","matchLevel":"none","matchedWords":[]},{"value":"Schleimiger Husten","matchLevel":"none","matchedWords":[]},{"value":"Husten","matchLevel":"none","matchedWords":[]},{"value":"starker husten","matchLevel":"none","matchedWords":[]},{"value":"erkältung","matchLevel":"none","matchedWords":[]},{"value":"schleim","matchLevel":"none","matchedWords":[]},{"value":"Reizhusten","matchLevel":"none","matchedWords":[]},{"value":"Hustenstiller","matchLevel":"none","matchedWords":[]},{"value":"Hustenreiz","matchLevel":"none","matchedWords":[]},{"value":"abhusten","matchLevel":"none","matchedWords":[]},{"value":"festsitzender Husten","matchLevel":"none","matchedWords":[]},{"value":"fieber","matchLevel":"none","matchedWords":[]},{"value":"reizhusten","matchLevel":"none","matchedWords":[]},{"value":"erkältung","matchLevel":"none","matchedWords":[]},{"value":"grippaler infekt","matchLevel":"none","matchedWords":[]},{"value":"nasennebenhöhlenentzündung","matchLevel":"none","matchedWords":[]},{"value":"husten","matchLevel":"none","matchedWords":[]},{"value":"hustenlöser","matchLevel":"none","matchedWords":[]},{"value":"hustenreiz","matchLevel":"none","matchedWords":[]},{"value":"nasennebenhöhlen","matchLevel":"none","matchedWords":[]},{"value":"schleim","matchLevel":"none","matchedWords":[]},{"value":"hustenstiller","matchLevel":"none","matchedWords":[]},{"value":"schnupfen","matchLevel":"none","matchedWords":[]},{"value":"schleimlöser","matchLevel":"none","matchedWords":[]},{"value":"halsschmerzen","matchLevel":"none","matchedWords":[]},{"value":"bronchitis","matchLevel":"none","matchedWords":[]},{"value":"heiserkeit","matchLevel":"none","matchedWords":[]},{"value":"atemwege","matchLevel":"none","matchedWords":[]},{"value":"schleim","matchLevel":"none","matchedWords":[]},{"value":"verschleimter husten","matchLevel":"none","matchedWords":[]},{"value":"hustenlöser","matchLevel":"none","matchedWords":[]},{"value":"hustenschleim","matchLevel":"none","matchedWords":[]},{"value":"atemwege","matchLevel":"none","matchedWords":[]},{"value":"Hustensaft","matchLevel":"none","matchedWords":[]}],"brand":{"name":{"value":"ACC","matchLevel":"none","matchedWords":[]},"readable_id":{"value":"ZW4ZTV69","matchLevel":"none","matchedWords":[]}},"pzn_trimmed_zeros":{"value":"520917","matchLevel":"none","matchedWords":[]}},"_rankingInfo":{"nbTypos":0,"firstMatchedWord":0,"proximityDistance":0,"userScore":78,"geoDistance":0,"geoPrecision":1,"nbExactWords":0,"words":0,"filters":2}},{"product_id":"1ebc6472-e38a-4ca9-b05c-239b52d3ad90","lazy_id":"03161577","product_group_id":"46cb7bee-a812-4360-91f6-e6343f994347","readable_id":"FX5JU02P","ean":null,"slug":"ibuhexal-akut-400","name":"IBUHEXAL AKUT 400 50 St","medias_v2":[{"resource":"/static/produkte/FX5JU02P/docmorris/ibuhexal-akut-400-50-st-03161577-0-1746216029287573.png","position":0,"base_url":"https://statics.docmorris.de"}],"pricing":{"price":5.59,"base_price":"0.11 €/St","recommended_price":13.45,"show_recommended_price":true,"savings_percentage":58,"prescription_types_prices":[{"price":1.95,"type":"payment_exempt"},{"price":5.59,"type":"private"},{"price":6.95,"type":"public"}]},"sales_type":"otx","pharmaceutical_properties":{"drug":true,"veterinary_medicament":false,"free_public_prescription":true,"pharmaceutical_form":"Filmtabletten","atc_code":"M01AE01","cold_chain":false,"active_ingredients":["Ibuprofen"],"import_reimport":false,"is_cbd":false},"manufacturer":{"manufacturer_id":"0f2fd456-8570-4871-a318-bb6400ed51ed","name":"Hexal AG"},"attributes":{"eigenschaften":["laktosefrei"],"packaging_size":"50 St"},"brand":{"name":"IbuHEXAL","readable_id":"GZWXXTGY"},"seller":{"seller_id":"6fee4fe5-caf4-485d-9e1a-a3a5808ec912","seller_name":"DocMorris Apotheke","seller_postal_code":"6422","has_same_day_delivery":false},"variant_count":3,"has_stock":true,"category_hierarchy":{"lv3":["Arzneimittel \u0026 Gesundheit \u003e Schmerzmittel \u003e Schmerzmittel nach Wirkstoff \u003e Ibuprofen","Arzneimittel \u0026 Gesundheit \u003e Erkältung \u0026 Grippe \u003e Fieberthermometer \u0026 Mittel \u003e Fiebersenkende Mittel"],"lv2":["Arzneimittel \u0026 Gesundheit \u003e Schmerzmittel \u003e Schmerzmittel nach Wirkstoff","Arzneimittel \u0026 Gesundheit \u003e Schmerzmittel \u003e Rückenschmerzen","Arzneimittel \u0026 Gesundheit \u003e Erkältung \u0026 Grippe \u003e Fieberthermometer \u0026 Mittel","Arzneimittel \u0026 Gesundheit \u003e Schmerzmittel \u003e Kopfschmerzen \u0026 Migräne"],"lv1":["Arzneimittel \u0026 Gesundheit \u003e Schmerzmittel","Arzneimittel \u0026 Gesundheit \u003e Erkältung \u0026 Grippe"],"lv0":["Arzneimittel \u0026 Gesundheit"]},"rating":{"average_overall":4.74,"total_reviews":614},"categories_belongs_to":[{"readable_id":"LN2XV15C","name":"Ibuprofen"},{"readable_id":"Y01V1ZJZ","name":"Schmerzmittel nach Wirkstoff"},{"readable_id":"L1WPMT3G","name":"Schmerzmittel"},{"readable_id":"XVH4PLGY","name":"Arzneimittel \u0026 Gesundheit"},{"readable_id":"6WCJ6V2X","name":"Rückenschmerzen"},{"readable_id":"VVLC2JHN","name":"Fiebersenkende Mittel"},{"readable_id":"6TG9M9P6","name":"Fieberthermometer \u0026 Mittel"},{"readable_id":"PY9GWZ6M","name":"Erkältung \u0026 Grippe"},{"readable_id":"TKJHPYYR","name":"Kopfschmerzen \u0026 Migräne"}],"sub_headline":"Wirkt bei Kopf-, Zahn-, Rücken- und Regel- und Erkältungsschmerzen","objectID":"FX5JU02P_6fee4fe5-caf4-485d-9e1a-a3a5808ec912","_highlightResult":{"lazy_id":{"value":"03161577","matchLevel":"none","matchedWords":[]},"readable_id":{"value":"FX5JU02P","matchLevel":"none","matchedWords":[]},"name":{"value":"IBUHEXAL AKUT 400 50 St","matchLevel":"none","matchedWords":[]},"pharmaceutical_properties":{"active_ingredients":[{"value":"Ibuprofen","matchLevel":"none","matchedWords":[]}]},"manufacturer":{"name":{"value":"Hexal AG","matchLevel":"none","matchedWords":[]}},"keywords":[{"value":"Druckkopfschmerz","matchLevel":"none","matchedWords":[]},{"value":"Kopfschmerz","matchLevel":"none","matchedWords":[]},{"value":"kopfschmerztabletten","matchLevel":"none","matchedWords":[]},{"value":"Kopfschmerzen","matchLevel":"none","matchedWords":[]},{"value":"Schmerzen","matchLevel":"none","matchedWords":[]},{"value":"Regelschmerzen","matchLevel":"none","matchedWords":[]},{"value":"ibuprofen","matchLevel":"none","matchedWords":[]},{"value":"Ibuprofen","matchLevel":"none","matchedWords":[]},{"value":"ibuprofen 400","matchLevel":"none","matchedWords":[]},{"value":"ibu","matchLevel":"none","matchedWords":[]},{"value":"gliederschmerzen","matchLevel":"none","matchedWords":[]},{"value":"Ibu","matchLevel":"none","matchedWords":[]},{"value":"Gliederschmerzen","matchLevel":"none","matchedWords":[]},{"value":"arthrose","matchLevel":"none","matchedWords":[]},{"value":"Rheuma","matchLevel":"none","matchedWords":[]},{"value":"fieber","matchLevel":"none","matchedWords":[]},{"value":"Rückenschmerzen","matchLevel":"none","matchedWords":[]},{"value":"Halsschmerzen","matchLevel":"none","matchedWords":[]},{"value":"arthritis","matchLevel":"none","matchedWords":[]},{"value":"bauchschmerzen","matchLevel":"none","matchedWords":[]},{"value":"Entzündung","matchLevel":"none","matchedWords":[]},{"value":"entzündungshemmend","matchLevel":"none","matchedWords":[]},{"value":"schmerzstillend","matchLevel":"none","matchedWords":[]},{"value":"schmerz","matchLevel":"none","matchedWords":[]},{"value":"fieber","matchLevel":"none","matchedWords":[]},{"value":"rheuma","matchLevel":"none","matchedWords":[]},{"value":"arthritis","matchLevel":"none","matchedWords":[]},{"value":"erkältung","matchLevel":"none","matchedWords":[]},{"value":"rückenschmerzen","matchLevel":"none","matchedWords":[]},{"value":"entzündung","matchLevel":"none","matchedWords":[]},{"value":"kopfschmerzen","matchLevel":"none","matchedWords":[]},{"value":"arthrose","matchLevel":"none","matchedWords":[]},{"value":"anämie","matchLevel":"none","matchedWords":[]},{"value":"bauchschmerzen","matchLevel":"none","matchedWords":[]},{"value":"morbus crohn","matchLevel":"none","matchedWords":[]},{"value":"ibuprofen","matchLevel":"none","matchedWords":[]},{"value":"halsschmerzen","matchLevel":"none","matchedWords":[]},{"value":"bluthochdruck","matchLevel":"none","matchedWords":[]}],"brand":{"name":{"value":"IbuHEXAL","matchLevel":"none","matchedWords":[]},"readable_id":{"value":"GZWXXTGY","matchLevel":"none","matchedWords":[]}},"pzn_trimmed_zeros":{"value":"3161577","matchLevel":"none","matchedWords":[]}},"_rankingInfo":{"nbTypos":0,"firstMatchedWord":0,"proximityDistance":0,"userScore":77,"geoDistance":0,"geoPrecision":1,"nbExactWords":0,"words":0,"filters":2}},{"product_id":"f1c6a6e0-d237-4503-b873-3ceb3e90988a","lazy_id":"01689854","product_group_id":"2222dd0e-327f-44ae-baf3-a90056fe3e58","readable_id":"FX5Q7GZG","ean":null,"slug":"imodium-akut-lingual-schmelztabletten-bei-akutem-durchfall","name":"Imodium akut lingual Schmelztabletten bei akutem Durchfall 12 St","medias_v2":[{"resource":"/static/produkte/FX5Q7GZG/docmorris/imodium-akut-lingual-schmelztabletten-bei-akutem-d-01689854-0-1743072907051231.jpeg","position":0,"base_url":"https://statics.docmorris.de"}],"pricing":{"price":10.99,"base_price":"0.92 €/St","recommended_price":15.29,"show_recommended_price":true,"savings_percentage":28,"prescription_types_prices":[{"price":11.15,"type":"payment_exempt"},{"price":10.99,"type":"private"},{"price":15.29,"type":"public"}]},"sales_type":"otx","pharmaceutical_properties":{"drug":true,"veterinary_medicament":false,"free_public_prescription":true,"pharmaceutical_form":"Schmelztabletten","atc_code":"A07DA03","cold_chain":false,"active_ingredients":[],"import_reimport":false,"is_cbd":false},"manufacturer":{"manufacturer_id":"43af5ca8-54d6-415d-937c-764ecbbc8afb","name":"Kenvue Germany GmbH (OTC)"},"attributes":{"eigenschaften":["alkoholfrei"],"packaging_size":"12 St"},"brand":{"name":"Imodium","readable_id":"9NYRMPZ0"},"seller":{"seller_id":"6fee4fe5-caf4-485d-9e1a-a3a5808ec912","seller_name":"DocMorris Apotheke","seller_postal_code":"6422","has_same_day_delivery":false},"variant_count":2,"has_stock":true,"category_hierarchy":{"lv2":["Arzneimittel \u0026 Gesundheit \u003e Magen, Darm \u0026 Verdauung \u003e Durchfall"],"lv1":["Arzneimittel \u0026 Gesundheit \u003e Magen, Darm \u0026 Verdauung"],"lv0":["Arzneimittel \u0026 Gesundheit"]},"rating":{"average_overall":4.79,"total_reviews":501},"categories_belongs_to":[{"readable_id":"P46886VC","name":"Durchfall"},{"readable_id":"4N90X2N4","name":"Magen, Darm \u0026 Verdauung"},{"readable_id":"XVH4PLGY","name":"Arzneimittel \u0026 Gesundheit"}],"sub_headline":"Schnelle Hilfe bei Magen Darm Beschwerden mit akuter Diarrhö.","objectID":"FX5Q7GZG_6fee4fe5-caf4-485d-9e1a-a3a5808ec912","_highlightResult":{"lazy_id":{"value":"01689854","matchLevel":"none","matchedWords":[]},"readable_id":{"value":"FX5Q7GZG","matchLevel":"none","matchedWords":[]},"name":{"value":"Imodium akut lingual Schmelztabletten bei akutem Durchfall 12 St","matchLevel":"none","matchedWords":[]},"manufacturer":{"name":{"value":"Kenvue Germany GmbH (OTC)","matchLevel":"none","matchedWords":[]}},"keywords":[{"value":"akuter Durchfall","matchLevel":"none","matchedWords":[]},{"value":"Reiseapotheke","matchLevel":"none","matchedWords":[]},{"value":"Reisedurchfall","matchLevel":"none","matchedWords":[]},{"value":"Durchfall","matchLevel":"none","matchedWords":[]},{"value":"reiseapotheke","matchLevel":"none","matchedWords":[]},{"value":"gratis","matchLevel":"none","matchedWords":[]},{"value":"Gratis","matchLevel":"none","matchedWords":[]},{"value":"loperamid","matchLevel":"none","matchedWords":[]},{"value":"Durchfallmittel","matchLevel":"none","matchedWords":[]},{"value":"durchfall akut","matchLevel":"none","matchedWords":[]},{"value":"gegen Durchfall","matchLevel":"none","matchedWords":[]},{"value":"Loperamid","matchLevel":"none","matchedWords":[]},{"value":"Reiseapotheke","matchLevel":"none","matchedWords":[]},{"value":"mittel gegen Durchfall","matchLevel":"none","matchedWords":[]},{"value":"Durchfall Tabletten","matchLevel":"none","matchedWords":[]},{"value":"Reisetabletten","matchLevel":"none","matchedWords":[]},{"value":"Durchfalltabletten","matchLevel":"none","matchedWords":[]},{"value":"loperamid akut","matchLevel":"none","matchedWords":[]},{"value":"Durchfall Medikament","matchLevel":"none","matchedWords":[]},{"value":"akuter Durchfall","matchLevel":"none","matchedWords":[]},{"value":"Reisedurchfall","matchLevel":"none","matchedWords":[]},{"value":"reise","matchLevel":"none","matchedWords":[]},{"value":"reizdarm","matchLevel":"none","matchedWords":[]},{"value":"blähungen","matchLevel":"none","matchedWords":[]},{"value":"magen darm","matchLevel":"none","matchedWords":[]},{"value":"diarrhö","matchLevel":"none","matchedWords":[]},{"value":"durchfall","matchLevel":"none","matchedWords":[]},{"value":"magengeschwüre","matchLevel":"none","matchedWords":[]},{"value":"magenschmerzen","matchLevel":"none","matchedWords":[]},{"value":"reizdarmsyndrom","matchLevel":"none","matchedWords":[]},{"value":"magengeschwür","matchLevel":"none","matchedWords":[]},{"value":"elektrolyt","matchLevel":"none","matchedWords":[]},{"value":"reiseapotheke","matchLevel":"none","matchedWords":[]},{"value":"diarrhoe","matchLevel":"none","matchedWords":[]},{"value":"probiotika","matchLevel":"none","matchedWords":[]},{"value":"imodium","matchLevel":"none","matchedWords":[]},{"value":"magenkrämpfe","matchLevel":"none","matchedWords":[]}],"brand":{"name":{"value":"Imodium","matchLevel":"none","matchedWords":[]},"readable_id":{"value":"9NYRMPZ0","matchLevel":"none","matchedWords":[]}},"pzn_trimmed_zeros":{"value":"1689854","matchLevel":"none","matchedWords":[]}},"_rankingInfo":{"nbTypos":0,"firstMatchedWord":0,"proximityDistance":0,"userScore":76,"geoDistance":0,"geoPrecision":1,"nbExactWords":0,"words":0,"filters":2}},{"product_id":"a223f72f-2d7c-482b-89c5-b3c3cd530cb3","lazy_id":"01479157","product_group_id":"a223f72f-2d7c-482b-89c5-b3c3cd530cb3","readable_id":"FX5NKR8W","ean":null,"slug":"gelomyrtol-forte","name":"GeloMyrtol forte 20 St","medias_v2":[{"resource":"/static/produkte/FX5NKR8W/docmorris/gelomyrtol-forte-20-st-01479157-0-1727121612620493.jpg","position":0,"base_url":"https://statics.docmorris.de"}],"pricing":{"price":10.99,"base_price":"0.55 €/St","recommended_price":15.2,"show_recommended_price":true,"savings_percentage":28,"prescription_types_prices":[{"price":0,"type":"payment_exempt"},{"price":10.99,"type":"private"},{"price":5,"type":"public"}]},"sales_type":"otx","pharmaceutical_properties":{"drug":true,"veterinary_medicament":false,"free_public_prescription":true,"pharmaceutical_form":"Magensaftresistente Weichkapseln","atc_code":"R05CP59","cold_chain":false,"active_ingredients":[],"import_reimport":false,"is_cbd":false},"manufacturer":{"manufacturer_id":"59d246e3-46b2-4b01-a755-68bc76a0ef13","name":"G. Pohl-Boskamp GmbH \u0026 Co. KG"},"attributes":{"eigenschaften":["pflanzlich"],"packaging_size":"20 St"},"brand":{"name":"GeloMyrtol","readable_id":"X8RNLV2T"},"seller":{"seller_id":"6fee4fe5-caf4-485d-9e1a-a3a5808ec912","seller_name":"DocMorris Apotheke","seller_postal_code":"6422","has_same_day_delivery":false},"variant_count":6,"has_stock":true,"category_hierarchy":{"lv0":["Arzneimittel \u0026 Gesundheit"],"lv1":["Arzneimittel \u0026 Gesundheit \u003e Erkältung \u0026 Grippe","Arzneimittel \u0026 Gesundheit \u003e Homöopathie \u0026 Natur"],"lv3":["Arzneimittel \u0026 Gesundheit \u003e Homöopathie \u0026 Natur \u003e Pflanzen- \u0026 Naturtherapie \u003e Erkältung \u0026 Abwehrkräfte","Arzneimittel \u0026 Gesundheit \u003e Erkältung \u0026 Grippe \u003e Schnupfen \u0026 Nasennebenhöhlenentzündung \u003e Schleimlöser","Arzneimittel \u0026 Gesundheit \u003e Erkältung \u0026 Grippe \u003e Husten \u0026 Bronchitis \u003e Hustenstiller"],"lv2":["Arzneimittel \u0026 Gesundheit \u003e Homöopathie \u0026 Natur \u003e Pflanzen- \u0026 Naturtherapie","Arzneimittel \u0026 Gesundheit \u003e Erkältung \u0026 Grippe \u003e Schnupfen \u0026 Nasennebenhöhlenentzündung","Arzneimittel \u0026 Gesundheit \u003e Erkältung \u0026 Grippe \u003e Husten \u0026 Bronchitis","Arzneimittel \u0026 Gesundheit \u003e Erkältung \u0026 Grippe \u003e Pflanzlich \u0026 Homöopathisch","Arzneimittel \u0026 Gesundheit \u003e Erkältung \u0026 Grippe \u003e Grippaler Infekt"]},"rating":{"average_overall":4.73,"total_reviews":1191},"categories_belongs_to":[{"readable_id":"XVH4PLGY","name":"Arzneimittel \u0026 Gesundheit"},{"readable_id":"PY9GWZ6M","name":"Erkältung \u0026 Grippe"},{"readable_id":"28NRKZF5","name":"Erkältung \u0026 Abwehrkräfte"},{"readable_id":"0THFHTYR","name":"Pflanzen- \u0026 Naturtherapie"},{"readable_id":"KGR59GKL","name":"Homöopathie \u0026 Natur"},{"readable_id":"JRNKXGFK","name":"Schnupfen \u0026 Nasennebenhöhlenentzündung"},{"readable_id":"V9M3L4Z7","name":"Husten \u0026 Bronchitis"},{"readable_id":"2Z3TGC5C","name":"Schleimlöser"},{"readable_id":"TG3VY4PT","name":"Pflanzlich \u0026 Homöopathisch"},{"readable_id":"PFRNMVWF","name":"Hustenstiller"},{"readable_id":"W4GC7VL4","name":"Grippaler Infekt"}],"sub_headline":"der pflanzliche Schleimlöser-bei Sinusitis und Bronchitis mit Husten, Schnupfen, Druckkopfschmerz","objectID":"FX5NKR8W_6fee4fe5-caf4-485d-9e1a-a3a5808ec912","_highlightResult":{"lazy_id":{"value":"01479157","matchLevel":"none","matchedWords":[]},"readable_id":{"value":"FX5NKR8W","matchLevel":"none","matchedWords":[]},"name":{"value":"GeloMyrtol forte 20 St","matchLevel":"none","matchedWords":[]},"manufacturer":{"name":{"value":"G. Pohl-Boskamp GmbH \u0026 Co. KG","matchLevel":"none","matchedWords":[]}},"keywords":[{"value":"Nasennebenhöhlenentzündung","matchLevel":"none","matchedWords":[]},{"value":"Nasennebenhöhlenentzündungen","matchLevel":"none","matchedWords":[]},{"value":"akute Nasennebenhöhlenentzündung","matchLevel":"none","matchedWords":[]},{"value":"akute Sinusitis","matchLevel":"none","matchedWords":[]},{"value":"sinusitis","matchLevel":"none","matchedWords":[]},{"value":"Schleimlöser","matchLevel":"none","matchedWords":[]},{"value":"Husten","matchLevel":"none","matchedWords":[]},{"value":"Bronchitis","matchLevel":"none","matchedWords":[]},{"value":"abhusten","matchLevel":"none","matchedWords":[]},{"value":"gelo","matchLevel":"none","matchedWords":[]},{"value":"inhalieren","matchLevel":"none","matchedWords":[]},{"value":"schleimlösung","matchLevel":"none","matchedWords":[]},{"value":"erkältung","matchLevel":"none","matchedWords":[]},{"value":"sinusitis","matchLevel":"none","matchedWords":[]},{"value":"hustenmittel","matchLevel":"none","matchedWords":[]},{"value":"nasennebenhöhlenentzündung","matchLevel":"none","matchedWords":[]},{"value":"eukalyptus","matchLevel":"none","matchedWords":[]},{"value":"husten","matchLevel":"none","matchedWords":[]},{"value":"copd","matchLevel":"none","matchedWords":[]},{"value":"schleimlöser","matchLevel":"none","matchedWords":[]},{"value":"hustenstiller","matchLevel":"none","matchedWords":[]},{"value":"schnupfen","matchLevel":"none","matchedWords":[]},{"value":"schleimlöser","matchLevel":"none","matchedWords":[]},{"value":"hustenlöser","matchLevel":"none","matchedWords":[]},{"value":"bronchitis","matchLevel":"none","matchedWords":[]},{"value":"Infekt","matchLevel":"none","matchedWords":[]},{"value":"pflanzlicher Schleimlöser","matchLevel":"none","matchedWords":[]},{"value":"Nasennebenhöhlen","matchLevel":"none","matchedWords":[]},{"value":"Rhinitis","matchLevel":"none","matchedWords":[]},{"value":"Bronchien","matchLevel":"none","matchedWords":[]},{"value":"Erkältung","matchLevel":"none","matchedWords":[]},{"value":"verstopfte Nase","matchLevel":"none","matchedWords":[]},{"value":"Sinusitis","matchLevel":"none","matchedWords":[]},{"value":"Eukalyptos","matchLevel":"none","matchedWords":[]},{"value":"Druckkopfschmerz","matchLevel":"none","matchedWords":[]},{"value":"trockener Husten","matchLevel":"none","matchedWords":[]},{"value":"Schnupfen","matchLevel":"none","matchedWords":[]},{"value":"Bronchitis","matchLevel":"none","matchedWords":[]},{"value":"verstopfte Nase","matchLevel":"none","matchedWords":[]},{"value":"Schleimlöser","matchLevel":"none","matchedWords":[]},{"value":"Eukalyptos","matchLevel":"none","matchedWords":[]},{"value":"trockener Husten","matchLevel":"none","matchedWords":[]},{"value":"Rhinitis","matchLevel":"none","matchedWords":[]},{"value":"Druckkopfschmerz","matchLevel":"none","matchedWords":[]},{"value":"pflanzlicher Schleimlöser","matchLevel":"none","matchedWords":[]},{"value":"Infekt","matchLevel":"none","matchedWords":[]},{"value":"Bronchien","matchLevel":"none","matchedWords":[]},{"value":"Sinusitis","matchLevel":"none","matchedWords":[]},{"value":"Eukalyptus","matchLevel":"none","matchedWords":[]},{"value":"Erkältungsmedikament","matchLevel":"none","matchedWords":[]},{"value":"Hustenlöser","matchLevel":"none","matchedWords":[]},{"value":"Erkältungsmittel","matchLevel":"none","matchedWords":[]},{"value":"Atemwege","matchLevel":"none","matchedWords":[]},{"value":"Husten","matchLevel":"none","matchedWords":[]},{"value":"Grippe","matchLevel":"none","matchedWords":[]},{"value":"grippaler Infekt","matchLevel":"none","matchedWords":[]},{"value":"Mandelentzündung","matchLevel":"none","matchedWords":[]}],"brand":{"name":{"value":"GeloMyrtol","matchLevel":"none","matchedWords":[]},"readable_id":{"value":"X8RNLV2T","matchLevel":"none","matchedWords":[]}},"pzn_trimmed_zeros":{"value":"1479157","matchLevel":"none","matchedWords":[]}},"_rankingInfo":{"nbTypos":0,"firstMatchedWord":0,"proximityDistance":0,"userScore":75,"geoDistance":0,"geoPrecision":1,"nbExactWords":0,"words":0,"filters":2}},{"product_id":"f2c22593-bf6a-42bb-aa24-bf8505d5170c","lazy_id":"17268563","product_group_id":"f2c22593-bf6a-42bb-aa24-bf8505d5170c","readable_id":"LG0TAW3U","ean":null,"slug":"minoxidil-doppelherzpharma-50-mgml-loesung","name":"MINOXIDIL DoppelherzPharma 50 mg/ml Lösung 3X60 ml","medias_v2":[{"resource":"/static/produkte/LG0TAW3U/docmorris/minoxidil-doppelherzpharma-50-mg-ml-loesung-180-ml-17268563-0-1741809633275951.png","position":0,"base_url":"https://statics.docmorris.de"}],"pricing":{"price":35.99,"base_price":"199.94 €/l","recommended_price":46.96,"show_recommended_price":true,"savings_percentage":23,"prescription_types_prices":[{"price":0,"type":"payment_exempt"},{"price":35.99,"type":"private"},{"price":5,"type":"public"}]},"sales_type":"otc","pharmaceutical_properties":{"drug":true,"veterinary_medicament":false,"free_public_prescription":true,"pharmaceutical_form":"Lösung","atc_code":"D11AX01","cold_chain":false,"active_ingredients":["Minoxidil"],"import_reimport":false,"is_cbd":false},"manufacturer":{"manufacturer_id":"352a6324-eac4-4b60-8af4-78392baa1588","name":"Queisser Pharma GmbH \u0026 Co. KG"},"attributes":{"packaging_size":"3X60 ml"},"brand":{"name":"Doppelherz","readable_id":"FK6KVXFV"},"seller":{"seller_id":"6fee4fe5-caf4-485d-9e1a-a3a5808ec912","seller_name":"DocMorris Apotheke","seller_postal_code":"6422","has_same_day_delivery":false},"variant_count":2,"has_stock":true,"category_hierarchy":{"lv0":["Arzneimittel \u0026 Gesundheit","Beauty \u0026 Pflege","Vitamine, Sport \u0026 Ernährung"],"lv3":["Beauty \u0026 Pflege \u003e Haare \u003e Nach Haartyp \u003e Mittel gegen Haarausfall"],"lv2":["Beauty \u0026 Pflege \u003e Haare \u003e Nach Haartyp","Beauty \u0026 Pflege \u003e Haare \u003e Für Männer","Arzneimittel \u0026 Gesundheit \u003e Männergesundheit \u003e Haarausfall","Arzneimittel \u0026 Gesundheit \u003e Haut, Haare \u0026 Nägel \u003e Haarausfall"],"lv1":["Beauty \u0026 Pflege \u003e Haare","Arzneimittel \u0026 Gesundheit \u003e Männergesundheit","Arzneimittel \u0026 Gesundheit \u003e Haut, Haare \u0026 Nägel","Vitamine, Sport \u0026 Ernährung \u003e Nahrungsergänzung"]},"rating":{"average_overall":3.79,"total_reviews":14},"categories_belongs_to":[{"readable_id":"XVH4PLGY","name":"Arzneimittel \u0026 Gesundheit"},{"readable_id":"9KGZK856","name":"Mittel gegen Haarausfall"},{"readable_id":"G9TN146F","name":"Nach Haartyp"},{"readable_id":"0LCXH89C","name":"Haare"},{"readable_id":"W1V3K6LG","name":"Beauty \u0026 Pflege"},{"readable_id":"457J17YH","name":"Für Männer"},{"readable_id":"PX67HNJ5","name":"Männergesundheit"},{"readable_id":"TJ17R1WH","name":"Haut, Haare \u0026 Nägel"},{"readable_id":"XHT9FGPM","name":"Haarausfall"},{"readable_id":"0NCP8X85","name":"Haarausfall"},{"readable_id":"KFVND","name":"Nahrungsergänzung"},{"readable_id":"7TPHZ61C","name":"Vitamine, Sport \u0026 Ernährung"}],"sub_headline":"Behandlung von erblich bedingtem Haarausfall mit Minoxidil","objectID":"LG0TAW3U_6fee4fe5-caf4-485d-9e1a-a3a5808ec912","_highlightResult":{"lazy_id":{"value":"17268563","matchLevel":"none","matchedWords":[]},"readable_id":{"value":"LG0TAW3U","matchLevel":"none","matchedWords":[]},"name":{"value":"MINOXIDIL DoppelherzPharma 50 mg/ml Lösung 3X60 ml","matchLevel":"none","matchedWords":[]},"pharmaceutical_properties":{"active_ingredients":[{"value":"Minoxidil","matchLevel":"none","matchedWords":[]}]},"manufacturer":{"name":{"value":"Queisser Pharma GmbH \u0026 Co. KG","matchLevel":"none","matchedWords":[]}},"keywords":[{"value":"Kopfhaut","matchLevel":"none","matchedWords":[]},{"value":"Haarausfall","matchLevel":"none","matchedWords":[]},{"value":"Haarwachstum","matchLevel":"none","matchedWords":[]},{"value":"für Männer","matchLevel":"none","matchedWords":[]},{"value":"Minoxidil","matchLevel":"none","matchedWords":[]},{"value":"anlagebedingter Haarausfall","matchLevel":"none","matchedWords":[]}],"brand":{"name":{"value":"Doppelherz","matchLevel":"none","matchedWords":[]},"readable_id":{"value":"FK6KVXFV","matchLevel":"none","matchedWords":[]}},"pzn_trimmed_zeros":{"value":"17268563","matchLevel":"none","matchedWords":[]}},"_rankingInfo":{"nbTypos":0,"firstMatchedWord":0,"proximityDistance":0,"userScore":74,"geoDistance":0,"geoPrecision":1,"nbExactWords":0,"words":0,"filters":2}},{"product_id":"0725af71-35a3-40e3-bd84-14a074f1fc8f","lazy_id":"06718342","product_group_id":"0725af71-35a3-40e3-bd84-14a074f1fc8f","readable_id":"FX566QTS","ean":null,"slug":"paracetamol-al-500","name":"Paracetamol AL 500 20 St","medias_v2":[{"resource":"/static/produkte/FX566QTS/docmorris/paracetamol-al-500-20-st-06718342-0-1755892847120961.jpg","position":0,"base_url":"https://statics.docmorris.de"}],"pricing":{"price":1.19,"base_price":"0.06 €/St","recommended_price":2.15,"show_recommended_price":true,"savings_percentage":45,"prescription_types_prices":[{"price":0,"type":"payment_exempt"},{"price":1.19,"type":"private"},{"price":2.15,"type":"public"}]},"sales_type":"otx","pharmaceutical_properties":{"drug":true,"veterinary_medicament":false,"free_public_prescription":true,"pharmaceutical_form":"Tabletten","atc_code":"N02BE01","cold_chain":false,"active_ingredients":["Paracetamol"],"import_reimport":false,"is_cbd":false},"manufacturer":{"manufacturer_id":"cfd39936-1931-4097-9348-111e45ef1b8d","name":"ALIUD Pharma GmbH"},"attributes":{"eigenschaften":["duftstofffrei","frei von Soja","parabenfrei","laktosefrei","glutenfrei"],"alter_2":["Jahre"],"filterfarbe":["Weiss"],"alter_1":["4"],"packaging_size":"20 St"},"brand":{"name":"Aliud Pharma","readable_id":"VPZNK396"},"seller":{"seller_id":"6fee4fe5-caf4-485d-9e1a-a3a5808ec912","seller_name":"DocMorris Apotheke","seller_postal_code":"6422","has_same_day_delivery":false},"variant_count":2,"has_stock":true,"category_hierarchy":{"lv3":["Arzneimittel \u0026 Gesundheit \u003e Schmerzmittel \u003e Schmerzmittel nach Wirkstoff \u003e Paracetamol"],"lv2":["Arzneimittel \u0026 Gesundheit \u003e Schmerzmittel \u003e Schmerzmittel nach Wirkstoff"],"lv1":["Arzneimittel \u0026 Gesundheit \u003e Schmerzmittel"],"lv0":["Arzneimittel \u0026 Gesundheit"]},"rating":{"average_overall":4.73,"total_reviews":255},"categories_belongs_to":[{"readable_id":"ZNLWR32V","name":"Paracetamol"},{"readable_id":"Y01V1ZJZ","name":"Schmerzmittel nach Wirkstoff"},{"readable_id":"L1WPMT3G","name":"Schmerzmittel"},{"readable_id":"XVH4PLGY","name":"Arzneimittel \u0026 Gesundheit"}],"sub_headline":"Schmerzmittel bei leichten bis mäßig starken Kopf-, Zahn-, Regelschmerzen und Fieber, magenfreundlich","objectID":"FX566QTS_6fee4fe5-caf4-485d-9e1a-a3a5808ec912","_highlightResult":{"lazy_id":{"value":"06718342","matchLevel":"none","matchedWords":[]},"readable_id":{"value":"FX566QTS","matchLevel":"none","matchedWords":[]},"name":{"value":"Paracetamol AL 500 20 St","matchLevel":"none","matchedWords":[]},"pharmaceutical_properties":{"active_ingredients":[{"value":"Paracetamol","matchLevel":"none","matchedWords":[]}]},"manufacturer":{"name":{"value":"ALIUD Pharma GmbH","matchLevel":"none","matchedWords":[]}},"keywords":[{"value":"Paracetamol 500 mg","matchLevel":"none","matchedWords":[]},{"value":"Schmerzlinderung","matchLevel":"none","matchedWords":[]},{"value":"grippale Infekte","matchLevel":"none","matchedWords":[]},{"value":"Fieber Tabletten","matchLevel":"none","matchedWords":[]},{"value":"Schmerztabletten fiebersenkend","matchLevel":"none","matchedWords":[]},{"value":"Schmerztablette","matchLevel":"none","matchedWords":[]},{"value":"Kopfschmerztabletten","matchLevel":"none","matchedWords":[]},{"value":"Rückenschmerzen","matchLevel":"none","matchedWords":[]},{"value":"Rückenschmerz","matchLevel":"none","matchedWords":[]},{"value":"Schmerzen","matchLevel":"none","matchedWords":[]},{"value":"Tabletten gegen Fieber","matchLevel":"none","matchedWords":[]}],"brand":{"name":{"value":"Aliud Pharma","matchLevel":"none","matchedWords":[]},"readable_id":{"value":"VPZNK396","matchLevel":"none","matchedWords":[]}},"pzn_trimmed_zeros":{"value":"6718342","matchLevel":"none","matchedWords":[]}},"_rankingInfo":{"nbTypos":0,"firstMatchedWord":0,"proximityDistance":0,"userScore":73,"geoDistance":0,"geoPrecision":1,"nbExactWords":0,"words":0,"filters":2}},{"product_id":"23d08470-ca34-4f3e-9025-572522b556ab","lazy_id":"00999854","product_group_id":"23d08470-ca34-4f3e-9025-572522b556ab","readable_id":"FX5RXB9F","ean":null,"slug":"nasenspray-ratiopharm-kinder-konservierungsmittelfrei","name":"Nasenspray ratiopharm Kinder konservierungsmittelfrei 10 ml","medias_v2":[{"resource":"/static/produkte/FX5RXB9F/docmorris/nasenspray-ratiopharm-kinder-konservierungsmittelf-00999854-0-1713968231356329.jpeg","position":0,"base_url":"https://statics.docmorris.de"}],"pricing":{"price":2.79,"base_price":"279.00 €/l","recommended_price":4.24,"show_recommended_price":true,"savings_percentage":34,"prescription_types_prices":[{"price":2.3,"type":"payment_exempt"},{"price":2.79,"type":"private"},{"price":4.24,"type":"public"}]},"sales_type":"otx","pharmaceutical_properties":{"drug":true,"veterinary_medicament":false,"free_public_prescription":true,"pharmaceutical_form":"Nasenspray","atc_code":"R01AA07","cold_chain":false,"active_ingredients":[],"import_reimport":false,"is_cbd":false},"manufacturer":{"manufacturer_id":"098703c1-0a96-4282-86a7-9702f18659e2","name":"ratiopharm GmbH"},"attributes":{"packaging_size":"10 ml"},"brand":{"name":"Ratiopharm","readable_id":"G5MR9X0Z"},"seller":{"seller_id":"6fee4fe5-caf4-485d-9e1a-a3a5808ec912","seller_name":"DocMorris Apotheke","seller_postal_code":"6422","has_same_day_delivery":false},"variant_count":2,"has_stock":true,"category_hierarchy":{"lv0":["Arzneimittel \u0026 Gesundheit","Kinder \u0026 Familie"],"lv3":["Arzneimittel \u0026 Gesundheit \u003e Erkältung \u0026 Grippe \u003e Schnupfen \u0026 Nasennebenhöhlenentzündung \u003e Nasensprays"],"lv2":["Arzneimittel \u0026 Gesundheit \u003e Erkältung \u0026 Grippe \u003e Schnupfen \u0026 Nasennebenhöhlenentzündung","Kinder \u0026 Familie \u003e Baby \u0026 Kind \u003e Schnupfen","Arzneimittel \u0026 Gesundheit \u003e Erkältung \u0026 Grippe \u003e Grippaler Infekt"],"lv1":["Arzneimittel \u0026 Gesundheit \u003e Erkältung \u0026 Grippe","Kinder \u0026 Familie \u003e Baby \u0026 Kind"]},"rating":{"average_overall":4.83,"total_reviews":324},"categories_belongs_to":[{"readable_id":"XVH4PLGY","name":"Arzneimittel \u0026 Gesundheit"},{"readable_id":"GPF2JTG4","name":"Nasensprays"},{"readable_id":"JRNKXGFK","name":"Schnupfen \u0026 Nasennebenhöhlenentzündung"},{"readable_id":"PY9GWZ6M","name":"Erkältung \u0026 Grippe"},{"readable_id":"Z193X952","name":"Kinder \u0026 Familie"},{"readable_id":"YMC66T33","name":"Schnupfen"},{"readable_id":"74TVZRY4","name":"Baby \u0026 Kind"},{"readable_id":"W4GC7VL4","name":"Grippaler Infekt"}],"sub_headline":"Konservierungsmittelfreies Nasenspray zur Linderung einer verstopften Nase","objectID":"FX5RXB9F_6fee4fe5-caf4-485d-9e1a-a3a5808ec912","_highlightResult":{"lazy_id":{"value":"00999854","matchLevel":"none","matchedWords":[]},"readable_id":{"value":"FX5RXB9F","matchLevel":"none","matchedWords":[]},"name":{"value":"Nasenspray ratiopharm Kinder konservierungsmittelfrei 10 ml","matchLevel":"none","matchedWords":[]},"manufacturer":{"name":{"value":"ratiopharm GmbH","matchLevel":"none","matchedWords":[]}},"keywords":[{"value":"Nasenspray","matchLevel":"none","matchedWords":[]},{"value":"Kinder","matchLevel":"none","matchedWords":[]},{"value":"Schnupfen","matchLevel":"none","matchedWords":[]},{"value":"Nasenschleimhaut","matchLevel":"none","matchedWords":[]},{"value":"Nasennebenhöhlenentzündungen","matchLevel":"none","matchedWords":[]},{"value":"Erkältung Kind","matchLevel":"none","matchedWords":[]},{"value":"nasenspray kinder","matchLevel":"none","matchedWords":[]},{"value":"kinder nasenspray","matchLevel":"none","matchedWords":[]}],"brand":{"name":{"value":"Ratiopharm","matchLevel":"none","matchedWords":[]},"readable_id":{"value":"G5MR9X0Z","matchLevel":"none","matchedWords":[]}},"pzn_trimmed_zeros":{"value":"999854","matchLevel":"none","matchedWords":[]}},"_rankingInfo":{"nbTypos":0,"firstMatchedWord":0,"proximityDistance":0,"userScore":72,"geoDistance":0,"geoPrecision":1,"nbExactWords":0,"words":0,"filters":2}},{"product_id":"01a02229-5458-400e-96f8-7adf38ed04f3","lazy_id":"09100275","product_group_id":"01a02229-5458-400e-96f8-7adf38ed04f3","readable_id":"FX5M8VWS","ean":null,"slug":"regaine-maenner-schaum-mit-minoxidil","name":"Regaine Männer Schaum mit Minoxidil 3X60 ml","medias_v2":[{"resource":"/static/produkte/FX5M8VWS/docmorris/regaine-maenner-schaum-mit-minoxidil-3x60-ml-09100275-0-1757325595971855.jpg","position":0,"base_url":"https://statics.docmorris.de"}],"pricing":{"price":61.49,"base_price":"341.61 €/l","recommended_price":81.98,"show_recommended_price":true,"savings_percentage":25,"prescription_types_prices":[{"price":0,"type":"payment_exempt"},{"price":61.49,"type":"private"},{"price":8.2,"type":"public"}]},"sales_type":"otc","pharmaceutical_properties":{"drug":true,"veterinary_medicament":false,"free_public_prescription":true,"pharmaceutical_form":"Schaum","atc_code":"D11AX01","cold_chain":false,"active_ingredients":["Minoxidil"],"import_reimport":false,"is_cbd":false},"manufacturer":{"manufacturer_id":"43af5ca8-54d6-415d-937c-764ecbbc8afb","name":"Kenvue Germany GmbH (OTC)"},"attributes":{"eigenschaften":["ohne Konservierungsstoffe","duftstofffrei","zuckerfrei","alkoholfrei","frei von Soja","frei von Nüssen","laktosefrei","glutenfrei","ohne künstliche Farbstoffe"],"packaging_size":"3X60 ml"},"brand":{"name":"Regaine","readable_id":"TCGCHX5M"},"seller":{"seller_id":"6fee4fe5-caf4-485d-9e1a-a3a5808ec912","seller_name":"DocMorris Apotheke","seller_postal_code":"6422","has_same_day_delivery":false},"variant_count":4,"has_stock":true,"category_hierarchy":{"lv3":["Beauty \u0026 Pflege \u003e Haare \u003e Nach Haartyp \u003e Mittel gegen Haarausfall"],"lv2":["Beauty \u0026 Pflege \u003e Haare \u003e Nach Haartyp","Arzneimittel \u0026 Gesundheit \u003e Männergesundheit \u003e Haarausfall","Arzneimittel \u0026 Gesundheit \u003e Haut, Haare \u0026 Nägel \u003e Haarausfall"],"lv1":["Beauty \u0026 Pflege \u003e Haare","Arzneimittel \u0026 Gesundheit \u003e Männergesundheit","Arzneimittel \u0026 Gesundheit \u003e Haut, Haare \u0026 Nägel"],"lv0":["Beauty \u0026 Pflege","Arzneimittel \u0026 Gesundheit"]},"rating":{"average_overall":4.43,"total_reviews":191},"categories_belongs_to":[{"readable_id":"9KGZK856","name":"Mittel gegen Haarausfall"},{"readable_id":"G9TN146F","name":"Nach Haartyp"},{"readable_id":"0LCXH89C","name":"Haare"},{"readable_id":"W1V3K6LG","name":"Beauty \u0026 Pflege"},{"readable_id":"XHT9FGPM","name":"Haarausfall"},{"readable_id":"PX67HNJ5","name":"Männergesundheit"},{"readable_id":"XVH4PLGY","name":"Arzneimittel \u0026 Gesundheit"},{"readable_id":"0NCP8X85","name":"Haarausfall"},{"readable_id":"TJ17R1WH","name":"Haut, Haare \u0026 Nägel"}],"sub_headline":"Bekämpft Haarausfall effektiv in 12 Wochen mit praktischem Schaumformat","objectID":"FX5M8VWS_6fee4fe5-caf4-485d-9e1a-a3a5808ec912","_highlightResult":{"lazy_id":{"value":"09100275","matchLevel":"none","matchedWords":[]},"readable_id":{"value":"FX5M8VWS","matchLevel":"none","matchedWords":[]},"name":{"value":"Regaine Männer Schaum mit Minoxidil 3X60 ml","matchLevel":"none","matchedWords":[]},"pharmaceutical_properties":{"active_ingredients":[{"value":"Minoxidil","matchLevel":"none","matchedWords":[]}]},"manufacturer":{"name":{"value":"Kenvue Germany GmbH (OTC)","matchLevel":"none","matchedWords":[]}},"keywords":[{"value":"Haarausfall","matchLevel":"none","matchedWords":[]},{"value":"Männer","matchLevel":"none","matchedWords":[]},{"value":"Schaum","matchLevel":"none","matchedWords":[]},{"value":"erblich bedingter","matchLevel":"none","matchedWords":[]},{"value":"Haarwurzeln","matchLevel":"none","matchedWords":[]},{"value":"Blutgefäße","matchLevel":"none","matchedWords":[]},{"value":"Haarwachstum","matchLevel":"none","matchedWords":[]},{"value":"Minoxidil","matchLevel":"none","matchedWords":[]},{"value":"Kopfhaut","matchLevel":"none","matchedWords":[]},{"value":"Haarverlust","matchLevel":"none","matchedWords":[]},{"value":"androgenetische Alopezie","matchLevel":"none","matchedWords":[]},{"value":"Tonsurbereich","matchLevel":"none","matchedWords":[]},{"value":"Haarstyling","matchLevel":"none","matchedWords":[]},{"value":"12 Wochen","matchLevel":"none","matchedWords":[]},{"value":"Anwendungshäufigkeit","matchLevel":"none","matchedWords":[]}],"brand":{"name":{"value":"Regaine","matchLevel":"none","matchedWords":[]},"readable_id":{"value":"TCGCHX5M","matchLevel":"none","matchedWords":[]}},"pzn_trimmed_zeros":{"value":"9100275","matchLevel":"none","matchedWords":[]}},"_rankingInfo":{"nbTypos":0,"firstMatchedWord":0,"proximityDistance":0,"userScore":71,"geoDistance":0,"geoPrecision":1,"nbExactWords":0,"words":0,"filters":2}},{"product_id":"979241d0-5bd2-4945-92ee-fe28b0486939","lazy_id":"04274616","product_group_id":"979241d0-5bd2-4945-92ee-fe28b0486939","readable_id":"FX58TLEU","ean":null,"slug":"vomex-a-dragees","name":"Vomex A Dragees 20 St","medias_v2":[{"resource":"/static/produkte/FX58TLEU/docmorris/vomex-a-dragees-20-st-04274616-0-1721678426138338.jpg","position":0,"base_url":"https://statics.docmorris.de"}],"pricing":{"price":6.79,"base_price":"0.34 €/St","recommended_price":9.34,"show_recommended_price":true,"savings_percentage":27,"prescription_types_prices":[{"price":4.62,"type":"payment_exempt"},{"price":6.79,"type":"private"},{"price":9.34,"type":"public"}]},"sales_type":"otx","pharmaceutical_properties":{"drug":true,"veterinary_medicament":false,"free_public_prescription":true,"pharmaceutical_form":"Überzogene Tabletten","atc_code":"A04AB02","cold_chain":false,"active_ingredients":["Dimenhydrinat"],"import_reimport":false,"is_cbd":false},"manufacturer":{"manufacturer_id":"6c0d9a8b-1f0b-4d1b-a9c1-334f24fdc4c9","name":"Klinge Pharma GmbH"},"attributes":{"packaging_size":"20 St"},"brand":{"name":"Vomex A","readable_id":"629HG226"},"seller":{"seller_id":"6fee4fe5-caf4-485d-9e1a-a3a5808ec912","seller_name":"DocMorris Apotheke","seller_postal_code":"6422","has_same_day_delivery":false},"variant_count":2,"has_stock":true,"category_hierarchy":{"lv0":["Arzneimittel \u0026 Gesundheit"],"lv2":["Arzneimittel \u0026 Gesundheit \u003e Frauengesundheit \u003e Wechseljahre","Arzneimittel \u0026 Gesundheit \u003e Magen, Darm \u0026 Verdauung \u003e Übelkeit","Arzneimittel \u0026 Gesundheit \u003e Magen, Darm \u0026 Verdauung \u003e Blähungen","Arzneimittel \u0026 Gesundheit \u003e Magen, Darm \u0026 Verdauung \u003e Magen-Darm-Grippe"],"lv1":["Arzneimittel \u0026 Gesundheit \u003e Frauengesundheit","Arzneimittel \u0026 Gesundheit \u003e Magen, Darm \u0026 Verdauung"]},"rating":{"average_overall":4.68,"total_reviews":216},"categories_belongs_to":[{"readable_id":"XVH4PLGY","name":"Arzneimittel \u0026 Gesundheit"},{"readable_id":"XR26G3PG","name":"Wechseljahre"},{"readable_id":"HCFVFP3M","name":"Frauengesundheit"},{"readable_id":"C7GPGT4L","name":"Übelkeit"},{"readable_id":"4N90X2N4","name":"Magen, Darm \u0026 Verdauung"},{"readable_id":"77CXG5CN","name":"Blähungen"},{"readable_id":"8M8KV2VY","name":"Magen-Darm-Grippe"}],"sub_headline":"Zur Prophylaxe und Therapie von Übelkeit und Erbrechen ab 6 Jahren","objectID":"FX58TLEU_6fee4fe5-caf4-485d-9e1a-a3a5808ec912","_highlightResult":{"lazy_id":{"value":"04274616","matchLevel":"none","matchedWords":[]},"readable_id":{"value":"FX58TLEU","matchLevel":"none","matchedWords":[]},"name":{"value":"Vomex A Dragees 20 St","matchLevel":"none","matchedWords":[]},"pharmaceutical_properties":{"active_ingredients":[{"value":"Dimenhydrinat","matchLevel":"none","matchedWords":[]}]},"manufacturer":{"name":{"value":"Klinge Pharma GmbH","matchLevel":"none","matchedWords":[]}},"keywords":[{"value":"Übelkeit","matchLevel":"none","matchedWords":[]},{"value":"Magen-Darm-Beschwerden","matchLevel":"none","matchedWords":[]},{"value":"Blähungen","matchLevel":"none","matchedWords":[]},{"value":"Unwohlsein","matchLevel":"none","matchedWords":[]},{"value":"NorovirusDurchfall","matchLevel":"none","matchedWords":[]},{"value":"Magen-Darm-Grippe","matchLevel":"none","matchedWords":[]},{"value":"Rotavirus","matchLevel":"none","matchedWords":[]},{"value":"Magendarm-Infektionen","matchLevel":"none","matchedWords":[]},{"value":"Erbrechen","matchLevel":"none","matchedWords":[]},{"value":"Prävention","matchLevel":"none","matchedWords":[]},{"value":"Völlegefühl","matchLevel":"none","matchedWords":[]},{"value":"Magendarm Infektionen","matchLevel":"none","matchedWords":[]},{"value":"Magen Darm Grippe","matchLevel":"none","matchedWords":[]},{"value":"Magen Darm Beschwerden","matchLevel":"none","matchedWords":[]},{"value":"übelkeit","matchLevel":"none","matchedWords":[]},{"value":"Brechreiz","matchLevel":"none","matchedWords":[]},{"value":"magen darm","matchLevel":"none","matchedWords":[]},{"value":"Hausapotheke","matchLevel":"none","matchedWords":[]},{"value":"magen darm infekt","matchLevel":"none","matchedWords":[]},{"value":"Reiseapotheke","matchLevel":"none","matchedWords":[]},{"value":"Migräneübelkeit","matchLevel":"none","matchedWords":[]},{"value":"Vomex","matchLevel":"none","matchedWords":[]},{"value":"Medikament Übelkeit","matchLevel":"none","matchedWords":[]},{"value":"Medikament Erbrechen","matchLevel":"none","matchedWords":[]},{"value":"Kinetose","matchLevel":"none","matchedWords":[]},{"value":"Reiseübelkeit","matchLevel":"none","matchedWords":[]},{"value":"Migräne","matchLevel":"none","matchedWords":[]},{"value":"Übelkeit Migräne","matchLevel":"none","matchedWords":[]},{"value":"Magen Darm Medikament","matchLevel":"none","matchedWords":[]},{"value":"Antihistaminika","matchLevel":"none","matchedWords":[]},{"value":"Übelkeit Flugzeug","matchLevel":"none","matchedWords":[]},{"value":"Seekrank Medikament","matchLevel":"none","matchedWords":[]},{"value":"Seekrank","matchLevel":"none","matchedWords":[]},{"value":"Seekrankheit","matchLevel":"none","matchedWords":[]},{"value":"Stress Übelkeit","matchLevel":"none","matchedWords":[]},{"value":"Mittel gegen Reiseübelkeit","matchLevel":"none","matchedWords":[]},{"value":"Übelkeit beim Autofahren","matchLevel":"none","matchedWords":[]},{"value":"Gegen Reiseübelkeit","matchLevel":"none","matchedWords":[]},{"value":"Mittel gegen Übelkeit","matchLevel":"none","matchedWords":[]},{"value":"Übelkeit Suppositorien","matchLevel":"none","matchedWords":[]},{"value":"Übelkeit Kinder","matchLevel":"none","matchedWords":[]},{"value":"Übelkeit Medikament Rezeptfrei","matchLevel":"none","matchedWords":[]},{"value":"Medikament Übelkeit","matchLevel":"none","matchedWords":[]},{"value":"Reiseübelkeit Medikament","matchLevel":"none","matchedWords":[]},{"value":"Dimenhydrinat","matchLevel":"none","matchedWords":[]},{"value":"Vomacur","matchLevel":"none","matchedWords":[]},{"value":"Schwindel","matchLevel":"none","matchedWords":[]}],"brand":{"name":{"value":"Vomex A","matchLevel":"none","matchedWords":[]},"readable_id":{"value":"629HG226","matchLevel":"none","matchedWords":[]}},"pzn_trimmed_zeros":{"value":"4274616","matchLevel":"none","matchedWords":[]}},"_rankingInfo":{"nbTypos":0,"firstMatchedWord":0,"proximityDistance":0,"userScore":70,"geoDistance":0,"geoPrecision":1,"nbExactWords":0,"words":0,"filters":2}},{"product_id":"bed83d0e-42a4-4771-a589-c2ada27c061c","lazy_id":"16197884","product_group_id":"b1c08113-60e5-4f19-8039-79908dd619b5","readable_id":"FX5E7EPM","ean":null,"slug":"ibu-lysin-ratiopharm-400-mg-mit-ibuprofen","name":"IBU LYSIN ratiopharm 400 mg mit Ibuprofen 50 St","medias_v2":[{"resource":"/static/produkte/FX5E7EPM/docmorris/ibu-lysin-ratiopharm-400-mg-mit-ibuprofen-50-st-16197884-0-1729601498227971.jpeg","position":0,"base_url":"https://statics.docmorris.de"}],"pricing":{"price":10.89,"base_price":"0.22 €/St","recommended_price":21.8,"show_recommended_price":true,"savings_percentage":50,"prescription_types_prices":[{"price":10.3,"type":"payment_exempt"},{"price":10.89,"type":"private"},{"price":15.3,"type":"public"}]},"sales_type":"otx","pharmaceutical_properties":{"drug":true,"veterinary_medicament":false,"free_public_prescription":true,"pharmaceutical_form":"Filmtabletten","atc_code":"M01AE01","cold_chain":false,"active_ingredients":[],"import_reimport":false,"is_cbd":false},"manufacturer":{"manufacturer_id":"098703c1-0a96-4282-86a7-9702f18659e2","name":"ratiopharm GmbH"},"attributes":{"packaging_size":"50 St"},"brand":{"name":"Ratiopharm","readable_id":"G5MR9X0Z"},"seller":{"seller_id":"6fee4fe5-caf4-485d-9e1a-a3a5808ec912","seller_name":"DocMorris Apotheke","seller_postal_code":"6422","has_same_day_delivery":false},"variant_count":3,"has_stock":true,"category_hierarchy":{"lv2":["Arzneimittel \u0026 Gesundheit \u003e Mund- \u0026 Zahngesundheit \u003e Zahnschmerzen","Arzneimittel \u0026 Gesundheit \u003e Schmerzmittel \u003e Schmerzmittel nach Wirkstoff","Arzneimittel \u0026 Gesundheit \u003e Schmerzmittel \u003e Rückenschmerzen","Arzneimittel \u0026 Gesundheit \u003e Schmerzmittel \u003e Regelschmerzen","Arzneimittel \u0026 Gesundheit \u003e Schmerzmittel \u003e Kopfschmerzen \u0026 Migräne"],"lv1":["Arzneimittel \u0026 Gesundheit \u003e Mund- \u0026 Zahngesundheit","Arzneimittel \u0026 Gesundheit \u003e Schmerzmittel","Arzneimittel \u0026 Gesundheit \u003e Erkältung \u0026 Grippe"],"lv0":["Arzneimittel \u0026 Gesundheit"],"lv3":["Arzneimittel \u0026 Gesundheit \u003e Schmerzmittel \u003e Schmerzmittel nach Wirkstoff \u003e Ibuprofen"]},"rating":{"average_overall":4.82,"total_reviews":259},"categories_belongs_to":[{"readable_id":"VY095WC0","name":"Zahnschmerzen"},{"readable_id":"FT4R5LXK","name":"Mund- \u0026 Zahngesundheit"},{"readable_id":"XVH4PLGY","name":"Arzneimittel \u0026 Gesundheit"},{"readable_id":"L1WPMT3G","name":"Schmerzmittel"},{"readable_id":"PY9GWZ6M","name":"Erkältung \u0026 Grippe"},{"readable_id":"LN2XV15C","name":"Ibuprofen"},{"readable_id":"Y01V1ZJZ","name":"Schmerzmittel nach Wirkstoff"},{"readable_id":"6WCJ6V2X","name":"Rückenschmerzen"},{"readable_id":"H9J54TM7","name":"Regelschmerzen"},{"readable_id":"TKJHPYYR","name":"Kopfschmerzen \u0026 Migräne"}],"sub_headline":"Schnelle Hilfe bei Kopf-, Zahn- und Menstruationsschmerzen nach 15 Minuten","objectID":"FX5E7EPM_6fee4fe5-caf4-485d-9e1a-a3a5808ec912","_highlightResult":{"lazy_id":{"value":"16197884","matchLevel":"none","matchedWords":[]},"readable_id":{"value":"FX5E7EPM","matchLevel":"none","matchedWords":[]},"name":{"value":"IBU LYSIN ratiopharm 400 mg mit Ibuprofen 50 St","matchLevel":"none","matchedWords":[]},"manufacturer":{"name":{"value":"ratiopharm GmbH","matchLevel":"none","matchedWords":[]}},"keywords":[{"value":"ibuprofen","matchLevel":"none","matchedWords":[]},{"value":"rückenschmerzen","matchLevel":"none","matchedWords":[]},{"value":"fieber","matchLevel":"none","matchedWords":[]},{"value":"halsschmerzen","matchLevel":"none","matchedWords":[]},{"value":"kopfschmerz","matchLevel":"none","matchedWords":[]},{"value":"kopfschmerzen","matchLevel":"none","matchedWords":[]},{"value":"migräne","matchLevel":"none","matchedWords":[]},{"value":"schmerzmittel","matchLevel":"none","matchedWords":[]},{"value":"lysin","matchLevel":"none","matchedWords":[]}],"brand":{"name":{"value":"Ratiopharm","matchLevel":"none","matchedWords":[]},"readable_id":{"value":"G5MR9X0Z","matchLevel":"none","matchedWords":[]}},"pzn_trimmed_zeros":{"value":"16197884","matchLevel":"none","matchedWords":[]}},"_rankingInfo":{"nbTypos":0,"firstMatchedWord":0,"proximityDistance":0,"userScore":69,"geoDistance":0,"geoPrecision":1,"nbExactWords":0,"words":0,"filters":2}}],"userData":[{"banner":{"title":"Dolo-Dobendan \u0026 Nurofen","IMG_url":"https://statics.docmorris-plus.de/static/docmorris/cms/d_16972_reckitt_mix_hero_cb03cafa0f.webp","link":"https://www.docmorris.de/search?query=18065810%2016538233%2012700079"}},{"optionalFilters":["brand_names:DocMorris\u003cscore=1\u003e"]},{"optionalFilters":[{"attributes":"docmorris_labels:Neu\u003cscore=1\u003e"}]},{"optionalFilters":["brand_names:medpex\u003cscore=1\u003e"]}],"nbHits":85448,"page":0,"nbPages":36,"hitsPerPage":28,"facets":{"brand_names":{"ARCANA":8516,"DHU":5094,"Wala":1221,"Spagyra":758,"Mepilex":748,"B.Braun":648,"Montana Eyewear":616,"Nobamed":614,"Gall Pharma":572,"Cutimed":497,"Heel":484,"Allevyn":477,"WELEDA":458,"Diaprax":428,"Biatain":417,"Pleasureplace":383,"Pflüger":375,"1001 Artikel Medical":364,"Zetuvit":348,"LisaCare":290,"Aquacel":281,"Maimed":278,"Nestmann":276,"Dr. Junghans":267,"Leukoplast":264,"BD":261,"Bort":258,"Holthaus Medical":252,"ZIMPLY NATURAL":252,"Suprasorb":249,"Ratiopharm":243,"REHLEIN":241,"Param":240,"Doppelherz":237,"Cosmopor":234,"Lifemed":226,"Peha":226,"ES-Kompressen":224,"Büttner-Frank":223,"Prisoma":215,"bestschlaf":214,"Primavera":211,"Lymeherbs":210,"Beurer":208,"St. Severin":206,"AMPri":203,"Regenaplex":201,"Abena":200,"Aliud Pharma":200,"Lohmann \u0026 Rauscher GmbH \u0026 Co.KG":199,"Pascoe":198,"Fixomull":197,"Dr. Reckeweg":195,"TENGA":194,"Aurum":190,"The Tester":187,"3M":182,"Bombastus":182,"Lovelyness":179,"Nutritheke Green Line":178,"MyOne":173,"Salus":169,"Acercomp":167,"BSN Medical":166,"Lomatuell":166,"Warmies":164,"Schüßler-Salz":162,"Gothaplast":160,"Zincum":160,"Bachblüten":159,"Draco":158,"Hartmann":157,"Atrauman":155,"Accu-Chek":153,"Brinkmann Medical":151,"Synergon":151,"Hanosan":150,"Hugo Frosch":149,"Askina":147,"Kneipp":147,"Kalium":143,"Curaprox":141,"Sulfur":140,"Haft":139,"Hansaplast":139,"Elastomull":137,"Arnica":136,"Careliv":136,"mylife":136,"Miradent":135,"Pharma Liebermann":135,"Pure Encapsulations":135,"promed":135,"Tegaderm":133,"actiPart":132,"Magnesium":131,"Acti Medi":129,"Avitale":128,"Dr. Loges":127,"Gazin":125,"aktiv":123,"Eros":121,"Ligasano":121,"MEDESIGN":121,"Coloplast":120,"Fink \u0026 Walter":118,"Nicorette":118,"Schupp":118,"Urgotül":118,"Axisis":117,"Belsana":117,"Pjur":117,"Pütter":117,"Cutiplast":116,"GUM":116,"Paul Hartmann":116,"Erena":115,"Meditrade":114,"Vitabay":113,"AILORIA":112,"Aesculus":112,"Rosidal":112,"Leukomed":110,"TG":109,"True Nature":109,"CBD VITAL":108,"höga":107,"Stada":106,"Urgo":105,"Contour":103,"Epi":103,"Cuprum":102,"Megamax":101,"Orthomol":101,"Bryonia":100,"Compressana":100,"medisana":100,"Adaptic":99,"Tena":99,"steril":99,"Acidum":98,"Ferrum":98,"Rhus":98,"DocMorris":97,"Pari":97,"FLEXEO":96,"Megadent":96,"ZeinPharma":96,"Pasante":95,"Thuja":95,"Boost Oxygen Europe s.r.o.":94,"Durex":94,"tetesept":94,"TAOASIS":93,"Mercurius":91,"Spinnrad":91,"Volatile":91,"Omron":90,"Phosphorus":90,"Curapor":89,"Mollelast":89,"NUX":89,"ALLPHARM":88,"Aponorm":88,"Carbo":88,"Oral B":88,"Mepitel":87,"Antimonium":86,"The Nutri Store":85,"Ammonium":84,"Berberis":84,"CERES":84,"Chamomilla":84,"Pharma Peter":84,"Pino Silvestre":84,"TePe":84,"Biochemie":83,"DHU Schüßler-Salz":83,"Hevert":83,"Pulsatilla":83,"plus":83,"Belladonna":82,"Dermapharm":81,"Helleborus":81,"Hübner":81,"Wepa":81,"NASARA":80,"Casida":79,"Platinum":79,"Vliwazell":79,"Opsite":78,"Silicea":78,"Sorbact":78,"Aconitum":77,"Ignatia":77,"Elastus":76,"Hypericum":76,"Intimateline":76,"Cellona":75,"Farfalla":75},"pricing.price":{"1":2805,"9999":208,"85.99":752,"9.99":746,"24.99":542,"13.9":490,"14.99":401,"11.99":393,"19.99":389,"24.9":367,"29.99":361,"10.99":359,"12.99":357,"11.49":334,"23.99":313,"16.99":298,"5.99":294,"14.95":292,"13.99":289,"67.06":289,"29.95":276,"60.22":269,"22.79":256,"19.9":253,"28.99":236,"13.25":233,"3.99":232,"49.71":225,"26.99":224,"4.99":220,"29.9":219,"39.99":214,"15.99":210,"17.5":210,"8.99":209,"15.01":204,"14.13":199,"6.99":194,"7.99":194,"9.95":193,"17.99":187,"25.49":186,"11.01":184,"19.95":180,"18.99":179,"11.89":178,"24.49":172,"29.49":171,"9.39":169,"11.56":168,"25.99":167,"12.95":164,"36.99":160,"28.49":159,"21.99":158,"12.49":155,"27.99":154,"27.49":151,"56.54":151,"26.49":147,"49.99":146,"31.99":144,"2.99":142,"30.99":142,"24.95":140,"31.49":139,"20.99":138,"1.99":136,"8.95":135,"34.99":134,"33.99":133,"37.49":132,"8.39":132,"7.29":131,"11.39":129,"5.19":128,"11.79":127,"4.19":127,"10.95":125,"30.34":122,"14.9":121,"4.79":121,"32.99":120,"13.59":116,"32.49":115,"17.59":114,"9.91":114,"11.43":113,"9.89":112,"14.49":111,"16.95":111,"18.95":111,"9.9":111,"15.59":110,"34.95":110,"37.99":110,"6.29":110,"16.59":109,"10.76":108,"49.95":108,"13.49":107,"59.99":107,"13.95":106,"7.95":105,"16.29":104,"3.79":103,"5.49":103,"99.99":102,"11.29":101,"18.69":101,"101.16":100,"17.49":100,"36.49":100,"125.91":99,"6.95":99,"131.85":97,"5.69":97,"73.3":97,"8.79":97,"144.95":96,"20.23":96,"9.59":96,"10.36":95,"13.39":95,"8.49":95,"117.34":94,"34.49":94,"35.99":94,"38.99":93,"8.89":93,"3.39":92,"3.95":92,"39.95":92,"2.49":91,"33.49":91,"10.79":90,"11.69":90,"24.56":90,"4.49":90,"12.89":89,"14.89":88,"39.9":87,"75.48":87,"11.95":86,"3.59":86,"4.69":86,"2.69":85,"22.99":85,"12.29":84,"14.87":84,"9.79":84,"15.95":83,"168.03":82,"17.95":82,"25.29":82,"3.19":82,"6.59":82,"81.64":82,"9.69":82,"16.89":81,"17.39":81,"25.46":81,"38.49":81,"5.95":81,"44.99":80,"50.57":80,"6.49":80,"12.9":79,"13.89":79,"15.27":79,"19.49":79,"7.79":79,"75.21":79,"10.69":78,"6.79":78,"6.89":77,"12.79":76,"2.79":76,"4.39":76,"4.95":76,"69.99":76,"16.79":75,"7.59":75,"10.89":74,"11.59":74,"12.39":74,"13.18":74,"14.79":74,"26.62":73,"9.29":73,"94.15":73,"105.29":72,"14.29":72,"20.69":72,"23.96":72,"18.89":71,"26.82":71,"4.59":71,"5.89":71,"13.79":70},"manufacturer.name":{"DHU-Arzneimittel GmbH \u0026 Co. KG":2693,"BELSANA Medizinische Erzeugnisse, Zweigniederlassung der Ofa Bamberg GmbH":2051,"1001 Artikel Medical GmbH":1594,"ARCANA Dr. Sewerin GmbH \u0026 Co.KG Arzneimittel-Herstellung":1222,"NOBAMED Paul Danz AG":1180,"BSN medical GmbH":981,"B. Braun Melsungen AG":959,"Paul Hartmann AG":950,"Hecht Pharma GmbH":889,"Lohmann \u0026 Rauscher GmbH \u0026 Co. KG":867,"WALA Heilmittel GmbH":775,"Bauerfeind AG Geschäftsbereich Phlebologie":708,"Axisis GmbH":676,"actiPart GmbH":674,"Sunoptic International":651,"ACA Müller/ADAG Pharma AG":571,"EurimPharm Arzneimittel GmbH":542,"Coloplast GmbH":530,"B2B Medical GmbH":519,"TZMO Deutschland GmbH":494,"Diaprax GmbH":489,"Fink \u0026 Walter GmbH":483,"+ Prisoma GmbH":474,"Medi GmbH \u0026 Co. KG":457,"MaiMed GmbH":427,"Hofmann \u0026 Sommer GmbH \u0026 Co. KG":419,"ToRa Pharma GmbH":410,"ApoTeam GmbH":399,"Kohlpharma GmbH":383,"WZ Technik GmbH":383,"Avitamed GmbH":380,"Weleda AG":376,"Holthaus Medical GmbH \u0026 Co. KG":366,"Meditrade GmbH":360,"Hager Pharma GmbH":357,"Büttner-Frank GmbH":356,"HerbaLux Deutschland GmbH":356,"ABENA GmbH":337,"Solventum Germany GmbH":337,"Acti Medi GmbH":324,"Biologische Heilmittel Heel GmbH":319,"Megadent Deflogrip Gerhard Reeg GmbH":315,"ApoHomeCare GmbH":314,"Dr. Junghans Medical GmbH":308,"Docpharm GmbH":300,"EKNA GmbH \u0026 Co. KG":295,"Param GmbH":291,"aktiv shop GmbH":278,"Medtronic GmbH":276,"pfm medical GmbH":274,"Bort GmbH":270,"Hanosan GmbH":270,"Spagyra GmbH \u0026 Co KG":268,"Becton Dickinson GmbH":263,"Homöopathisches Laboratorium Alexander Pflüger GmbH \u0026 Co. KG":263,"Curaden Germany GmbH":254,"WICK Pharma - Zweigniederlassung der Procter \u0026 Gamble GmbH":254,"WEPA Apothekenbedarf GmbH \u0026 Co. KG":253,"ZIMPLY NATURAL / Herz-Jesu Apotheke Lindlar":252,"Adequapharm GmbH":249,"C P C medical GmbH \u0026 Co. KG":246,"Bios Medical Services GmbH Medizinprodukte":243,"Schug Medical GmbH":242,"DreamCon Co. Ltd.":241,"Medesign I. C. GmbH":240,"Miro Verbandstoffe GmbH":237,"EMRA-MED Arzneimittel GmbH":235,"Mastercare Medical GmbH":235,"Primavera Life GmbH":234,"Taoasis GmbH - Natur Duft Manufaktur":233,"Hermes Arzneimittel GmbH":229,"AMPri Handelsgesellschaft mbH":228,"BEURER GmbH Gesundheit und Wohlbefinden":228,"Medi-Spezial GmbH":228,"HEALTHYLIFE S.C.":223,"Crosp Medical GmbH":222,"Höga-Pharm GmbH":219,"MCM Klosterfrau Vertriebsgesellschaft mbH":217,"Serimed GmbH \u0026 Co. KG":217,"Greenlife Value GmbH":215,"BSN-JOBST GmbH":213,"Fresenius Kabi Deutschland GmbH":206,"Brinkmann Medical ein Unternehmen der Dr. Junghans Medical GmbH":205,"VEENAK INTERNATIONAL LIMITED":201,"Bios Medical Services":198,"Regenaplex GmbH - Homöopathische Komplexmittel":197,"TENGA":194,"Smith \u0026 Nephew GmbH - Woundmanagement":192,"Queisser Pharma GmbH \u0026 Co. KG":191,"ERENA Verbandstoffe GmbH \u0026 Co. KG":188,"Most Active Health Care GmbH":188,"P. J. Dahlhausen \u0026 Co. GmbH":186,"SALUS Pharma GmbH":186,"STADA Consumer Health Deutschland GmbH":186,"11 A Nutritheke GmbH":182,"Hollister Incorporated Niederlassung Deutschland":181,"MiroMed GmbH":180,"FESMED Verbandmittel GmbH":179,"Compressana GmbH":178,"Berco - Arzneimittel, Gottfried Herzberg GmbH":176,"Dr. Ausbüttel GmbH \u0026 Co. KG":175,"ConvaTec (Germany) GmbH":174,"Kattwiga Arzneimittel GmbH":174,"MyOne":173,"Fuhrmann GmbH":171,"UROTECH Medizinische Technologie GmbH":171,"Dr. Dagmar Lohmann Pharma + Medical GmbH":170,"Gothaplast Verbandpflasterfabrik GmbH":169,"ISG Intermed Service Gesellschaft":169,"Reckitt Benckiser Deutschland GmbH":169,"Body Products Relax GmbH":168,"Careliv Produkte OHG":168,"UROMED Kurt Drews KG":166,"Schupp GmbH \u0026 Co. KG":164,"KERMA Verbandstoff GmbH":161,"Praxicon GmbH":160,"Nestmann Pharma GmbH":159,"Sanum-Kehlbeck GmbH \u0026 Co. KG":156,"Lovelyness":153,"Urgo GmbH":152,"Hugo Frosch GmbH":151,"NIKA Medical Produkte GmbH":150,"Junek Europ-Vertrieb GmbH Zweigniederlassung":149,"MPV Medical GmbH":149,"Haleon Germany GmbH":145,"NOLL Handel für Ärzte- und Krankenhausbedarf GmbH":145,"Kneipp GmbH":144,"ratiopharm GmbH":143,"Alpha C. Pharm GmbH":142,"Medichem Vertriebs-GmbH":141,"DISPOMED GmbH \u0026 Co. KG":140,"Klein Ausrüstungstechnik GmbH":139,"Megasol Cosmetic GmbH":139,"Infirmarius GmbH":136,"Bombastus-Werke AG":133,"VYGON Germany GmbH":132,"GHC - German Health Care GmbH":131,"Pascoe pharmazeutische Präparate GmbH":131,"Pharma Brutscher":131,"Beiersdorf AG":130,"Dr. Reckeweg \u0026 Co. GmbH":130,"HOZ MEDI WERK Produktions- und Vertriebs GmbH \u0026 Co. KG":126,"Teleflex Medical GmbH - Homecare Urologie":126,"Mediq Deutschland GmbH":124,"Medline International Germany GmbH":124,"Orthomed - Thomas Blösel Rehatechnik GmbH":124,"Mölnlycke Health Care GmbH":123,"Allpharm Vertriebs GmbH":122,"Bayer Vital GmbH Geschäftsbereich Selbstmedikation":120,"Fein-Elast Umspinnwerk":119,"Sunstar Deutschland GmbH":119,"Flores medical GmbH":117,"Spinnrad GmbH":117,"Promedia A. Ahnfeldt GmbH, Medizintechnik":116,"ToValCare GmbH - Medical":116,"CC Pharma GmbH":115,"Perrigo Deutschland GmbH":114,"Cooper Consumer Health Deutschland GmbH":113,"APOZEN VERTRIEBS GmbH":112,"Andreas Fahl Medizintechnik-Vertriebs GmbH":112,"ICU Medical Deutschland (SM) GmbH":112,"Vehns Group GmbH":112,"Vitrasan GmbH":111,"Pari GmbH":110,"Trusetal Verbandstoffwerk GmbH":107,"UNO-med Rudolf Vachenauer e.K.":107,"ApoFit Arzneimittelvertrieb GmbH":105,"Dr. Theiss Naturwaren GmbH":105,"Groß GmbH - medizinisch-technische Handelsvertretung":105,"Pjur Group Luxembourg S.A.":105,"1A+A+A Wundprodukte GmbH":104,"ALIUD Pharma GmbH":104,"BATIST Medical a.s.":104,"Hirundo Products":104,"Krewi Medical Produkte GmbH":104,"W. SÖHNGEN GmbH":104,"Volatile":103,"Henry Schein Medical GmbH":102,"Kenvue Germany GmbH (OTC)":102,"Dr. Arabin GmbH \u0026 Co. KG":101,"Casida GmbH":100,"Essity Germany GmbH Health and Medical Solutions":99,"Andover Healthcare Inc. a subsidiary of Milliken Healthcare Products LLC":98,"Farfalla Essentials AG":98,"Habitum Pharma":97,"Boost Oxygen Europe s.r.o.":96,"FLEXEO GmbH":96,"Roche Diagnostics Deutschland GmbH":96,"Bodynova GmbH":95,"Megamax B.V.":95,"PEKANA Naturheilmittel":95,"EXS Condoms":94,"Spiggle \u0026 Theis Medizintechnik GmbH":94,"Uebe Medical GmbH":94,"pro medico GmbH":94,"IMP GmbH International Medical Products":93,"Klinge Pharma GmbH":93,"Merz Consumer Care GmbH":93,"TePe D-A-CH GmbH":92,"Lifemed GmbH":91},"sales_type_filter":{"otc":110603,"bpc":39068,"rx":1},"category_hierarchy.lv0":{"Arzneimittel \u0026 Gesundheit":149672,"Vitamine, Sport \u0026 Ernährung":5033,"Sanitätshaus":1878,"Beauty \u0026 Pflege":1270,"Kinder \u0026 Familie":963,"Tiergesundheit \u0026 Tierbedarf":116},"category_hierarchy.lv1":{"Arzneimittel \u0026 Gesundheit \u003e Homöopathie \u0026 Natur":62894,"Arzneimittel \u0026 Gesundheit \u003e Haut, Haare \u0026 Nägel":22061,"Arzneimittel \u0026 Gesundheit \u003e Haus- \u0026 Reiseapotheke":19824,"Arzneimittel \u0026 Gesundheit \u003e Erkältung \u0026 Grippe":9067,"Arzneimittel \u0026 Gesundheit \u003e Herz, Kreislauf \u0026 Gedächtnis":6570,"Arzneimittel \u0026 Gesundheit \u003e Liebe \u0026 Sexualität":5218,"Arzneimittel \u0026 Gesundheit \u003e Diabetes":4649,"Vitamine, Sport \u0026 Ernährung \u003e Nahrungsergänzung":4335,"Arzneimittel \u0026 Gesundheit \u003e Muskeln, Knochen, Gelenke":4323,"Arzneimittel \u0026 Gesundheit \u003e Magen, Darm \u0026 Verdauung":4196,"Arzneimittel \u0026 Gesundheit \u003e Blase, Niere \u0026 Prostata":3729,"Arzneimittel \u0026 Gesundheit \u003e Mund- \u0026 Zahngesundheit":3421,"Arzneimittel \u0026 Gesundheit \u003e Auge \u0026 Ohr":2971,"Arzneimittel \u0026 Gesundheit \u003e Beruhigung, Schlaf \u0026 Stress":2814,"Arzneimittel \u0026 Gesundheit \u003e Frauengesundheit":2341,"Arzneimittel \u0026 Gesundheit \u003e Männergesundheit":2195,"Vitamine, Sport \u0026 Ernährung \u003e Ernährung":1591,"Arzneimittel \u0026 Gesundheit \u003e Allergie":1515,"Arzneimittel \u0026 Gesundheit \u003e Selbsttests":1385,"Arzneimittel \u0026 Gesundheit \u003e Schmerzmittel":1093,"Vitamine, Sport \u0026 Ernährung \u003e Sport \u0026 Fitness":798,"Kinder \u0026 Familie \u003e Baby \u0026 Kind":758,"Arzneimittel \u0026 Gesundheit \u003e Hanf \u0026 CBD-Produkte":676,"Sanitätshaus \u003e Alltagshilfen":659,"Beauty \u0026 Pflege \u003e Körper":645,"Arzneimittel \u0026 Gesundheit \u003e Raucherentwöhnung":382,"Sanitätshaus \u003e Pflegebedarf \u0026 Haushalt":380,"Beauty \u0026 Pflege \u003e Gesicht":283,"Vitamine, Sport \u0026 Ernährung \u003e Abnehmen":210,"Sanitätshaus \u003e Inkontinenz":205,"Sanitätshaus \u003e Bandagen":203,"Kinder \u0026 Familie \u003e Schwangerschaft":136,"Beauty \u0026 Pflege \u003e Haare":125,"Beauty \u0026 Pflege \u003e Sonne \u0026 Schutz":117,"Beauty \u0026 Pflege \u003e Naturkosmetik":93,"Kinder \u0026 Familie \u003e Kinderwunsch":76,"Sanitätshaus \u003e Medizinische Geräte":69,"Kinder \u0026 Familie \u003e Stillzeit \u0026 Wochenbett":44,"Beauty \u0026 Pflege \u003e Dermatologische Kosmetik":42,"Tiergesundheit \u0026 Tierbedarf \u003e Hunde":37,"Beauty \u0026 Pflege \u003e Make-up":35,"Sanitätshaus \u003e Bekleidung \u0026 Schuhe":29,"Tiergesundheit \u0026 Tierbedarf \u003e Katzen":25,"Beauty \u0026 Pflege \u003e Parfum":21,"Tiergesundheit \u0026 Tierbedarf \u003e Kleintiere":20,"Tiergesundheit \u0026 Tierbedarf \u003e Großtiere":19,"Tiergesundheit \u0026 Tierbedarf \u003e Pflanzliche \u0026 homöopathische Alternativen":10,"Beauty \u0026 Pflege \u003e Beauty- \u0026 Pflegesets":6,"Sanitätshaus \u003e Mobilität":3,"Tiergesundheit \u0026 Tierbedarf \u003e Tier Reiseapotheke":1},"rating.average_overall":{"1":174,"2":100,"3":356,"4":1735,"5":8101,"4.5":1063,"4.67":827,"4.75":484,"4.8":364,"4.33":324,"4.83":294,"4.6":246,"4.71":223,"4.73":213,"4.7":208,"4.86":204,"4.63":177,"4.78":177,"4.88":166,"4.77":159,"4.25":156,"4.79":152,"4.76":151,"3.5":143,"4.57":139,"4.58":137,"4.64":136,"4.74":133,"4.69":129,"4.89":128,"4.81":119,"4.92":119,"4.43":117,"4.65":115,"4.4":114,"4.56":109,"4.68":109,"4.55":108,"4.2":107,"4.61":107,"4.82":102,"4.72":101,"3.67":98,"4.91":98,"4.9":91,"4.66":87,"4.62":82,"4.85":82,"4.84":80,"4.44":78,"4.38":77,"4.54":75,"4.17":71,"4.59":70,"4.53":68,"4.93":68,"4.47":66,"4.87":63,"4.36":62,"3.33":60,"4.52":58,"4.41":50,"4.42":50,"4.45":50,"3.75":47,"4.13":46,"4.46":46,"4.48":44,"4.22":41,"2.5":39,"3.8":39,"4.49":38,"4.94":38,"4.95":38,"4.29":35,"4.35":34,"4.3":33,"4.27":30,"4.39":30,"4.26":28,"4.18":26,"4.28":26,"3.6":24,"4.14":23,"4.31":23,"4.21":22,"4.37":21,"4.96":20,"4.19":19,"4.32":19,"3.83":18,"4.11":18,"4.51":18,"3.25":16,"3.4":16,"4.16":16,"4.15":15,"4.34":15,"4.08":14,"2.33":13,"3.43":13,"3.71":13,"4.12":12,"2.67":11,"3.89":11,"3.2":10,"3.84":10,"3.86":10,"4.02":10,"4.07":10,"3.57":9,"3.78":9,"3.92":9,"4.1":9,"4.23":9,"1.5":8,"3.77":8,"3.82":8,"3.88":8,"3.9":8,"2.75":7,"3.08":7,"3.91":7,"3.17":6,"3.7":6,"4.09":6,"4.24":6,"2.66":5,"3.14":5,"3.93":5,"3.95":5,"2.86":4,"3.19":4,"3.38":4,"3.55":4,"3.56":4,"3.79":4,"4.04":4,"4.05":4,"4.97":4,"1.67":3,"3.53":3,"3.58":3,"3.62":3,"3.64":3,"3.65":3,"3.72":3,"3.85":3,"3.97":3,"4.03":3,"2.57":2,"2.8":2,"2.96":2,"3.05":2,"3.11":2,"3.15":2,"3.27":2,"3.41":2,"3.45":2,"3.54":2,"3.59":2,"3.63":2,"3.66":2,"3.69":2,"3.74":2,"3.81":2,"3.98":2,"4.06":2,"1.33":1,"1.74":1,"1.75":1,"2.13":1,"2.2":1,"2.25":1,"2.35":1,"2.36":1,"2.38":1,"2.4":1,"2.53":1,"2.6":1,"2.64":1,"2.71":1,"2.73":1,"2.78":1,"2.79":1,"2.83":1,"2.85":1,"2.89":1,"2.91":1,"2.95":1,"3.03":1,"3.1":1,"3.13":1,"3.18":1,"3.21":1,"3.23":1,"3.24":1,"3.29":1,"3.35":1,"3.36":1},"attributes.eigenschaften":{"glutenfrei":6340,"vegan":5775,"alkoholfrei":5732,"homöopathisch":5443,"laktosefrei":5438,"vegetarisch":4642,"pflanzlich":3956,"frei von Soja":3932,"ohne Konservierungsstoffe":3831,"zuckerfrei":3783,"duftstofffrei":3319,"ohne künstliche Farbstoffe":2983,"frei von Nüssen":2926,"parabenfrei":1825,"gelatinefrei":1628,"silikonfrei":1273,"acetonfrei":1259,"ohne Aluminiumsalze":1244,"ammoniakfrei":1191,"hypoallergen":838,"frei von Mikroplastik":667,"ohne Allergene (z.B. Sellerie, Krebstiere)":606,"wasserfest":493,"biologisch (mit Bio-Siegel)":474,"enthält Biozid":198,"enthält Batterien":120},"attributes.geeignet_fuer":{"Diabetiker":2250,"Schwangere":1604,"Stillzeit":1569,"Allergiker":804,"Neurodermitis":539},"attributes.packaging_size":{"1 St":19928,"10 St":5932,"100 St":4863,"2 St":4223,"10 ml":2711,"100 ml":2507,"50 ml":2451,"50 St":2445,"20 St":2045,"5 St":2045,"60 St":1724,"10 g":1645,"20 ml":1496,"30 St":1470,"12 St":1142,"30 ml":978,"6 St":939,"25 St":849,"120 St":822,"90 St":734,"200 ml":685,"250 ml":653,"10X1 ml":621,"500 ml":591,"75 ml":591,"100 g":576,"200 St":524,"3 St":517,"50 g":443,"80 St":443,"1 P":428,"5 ml":419,"15 ml":386,"25X2 St":368,"20 g":360,"8 St":359,"180 St":344,"4 St":336,"50X2 St":335,"24 St":320,"150 ml":314,"40 St":302,"1000 ml":290,"15 St":262,"8X1 ml":252,"Fläschchen ml":252,"500 St":234,"1 Set":201,"36 St":201,"10X2 ml":196,"250 g":187,"125 ml":185,"250 St":177,"500 g":173,"60 g":167,"30 g":165,"150 St":159,"90 g":155,"400 St":149,"5 g":146,"75 g":134,"60 ml":132,"105 St":127,"40 g":124,"1000 St":121,"300 ml":120,"20X5 St":115,"5X2 St":109,"15 g":107,"150 g":106,"7 St":105,"14 St":101,"18 St":99,"300 g":99,"48 St":98,"144 St":96,"16 St":85,"240 St":85,"40 ml":85,"120 ml":80,"1000 g":79,"200 g":78,"25 g":78,"1 l":76,"5 m":70,"300 St":68,"5X2 ml":67,"400 ml":66,"28 St":65,"10X10 St":63,"25 ml":63,"110 St":62,"10X100 St":60,"2 ml":60,"2X500 St":59,"32 St":58,"360 St":54,"70 g":53,"9 St":51,"400 g":47,"2X50 St":46,"5 kg":46,"5 l":45,"20X2,0 g":43,"80 g":43,"20X1,5 g":40,"45 g":37,"7X1 ml":37,"750 St":36,"1750 St":35,"25X5 St":35,"55 St":35,"600 g":35,"75 St":34,"80 ml":34,"190 ml":33,"10 l":32,"3 ml":32,"350 ml":32,"100X1 ml":31,"120 g":31,"1X1 St":31,"2X25 St":31,"4 ml":31,"42 St":31,"21 St":30,"2X100 St":30,"450 g":30,"6 ml":30,"96 St":29,"10X500 ml":28,"2X10 St":28,"72 St":28,"28 ml":27,"5X20 St":27,"14X1 ml":26,"1X10 St":26,"2X30 St":26,"50X6 St":26,"800 St":26,"90 ml":26,"10X15 g":25,"180 g":25,"2 g":25,"2X10 ml":25,"360 ml":25,"45 St":25,"750 g":25,"1 ml":24,"10X10 ml":24,"125 g":24,"20X2 St":24,"35 g":24,"1X50 St":23,"1 kg":22,"2 l":22,"2X20 St":22,"750 ml":22,"10X5 ml":21,"125 St":21,"25X1 St":20,"50X3 St":20,"5X10 St":20,"6X2 St":20,"7,5 g":20,"130 ml":19,"20X2 g":19,"270 St":19,"3X10 ml":19,"3X200 ml":19,"50X5 St":19,"56 St":19,"100X1 St":18,"1X2 St":18,"204 St":18,"65 g":18,"70 St":18,"10X1 St":17,"10X2 St":17,"10X8 g":17,"3X30 St":17,"40X2 St":17,"4X10 St":17,"70 ml":17,"10 kg":16,"10X1000 ml":16,"12 ml":16,"15 kg":16,"18 g":16,"25X10 St":16,"30X10 St":16,"35 ml":16,"100X0,5 ml":15,"160 St":15,"20X100 ml":15,"22 St":15,"4X30 St":15,"5000 g":15,"600 ml":15,"6X10 St":15},"attributes.docmorris_labels":{"Neu":1799},"pharmaceutical_properties.pharmaceutical_form":{"0":77,"Binden":5725,"Verband":5141,"Pflaster":3917,"Kompressen":3858,"Kapseln":3751,"Dilution":2344,"Kanüle":2238,"Tropfen":2219,"Globuli":2167,"Tabletten":1821,"Gel":1752,"Kondome":1678,"Ampullen":1352,"Katheter":1261,"Creme":1234,"Öl":1209,"Handschuhe":1156,"Lösung":1058,"Pulver":964,"Spray":912,"Zahnbürste":844,"Tupfer":791,"Salbe":703,"Beutel":689,"Flüssigkeit":652,"Teststreifen":635,"Ätherisches Öl":581,"Tropfen zum Einnehmen":529,"Bandage":517,"Test":517,"Filmtabletten":437,"Tücher":418,"St":391,"Infusionsset":349,"Tee":345,"Balsam":314,"Lanzetten":309,"Filterbeutel":280,"Bad":277,"Gleitmittel":271,"Kombipackung":269,"Augentropfen":261,"Tamponaden":259,"täglich":252,"Spritzen":250,"Mischung":244,"Bonbons":243,"Lotion":242,"Zahnpasta":229,"Basisplatte":187,"Wundgaze":185,"Trinkampullen":179,"Flaschen":178,"Zahncreme":172,"-":164,"Pastillen":164,"Tampon":162,"Nasenspray":158,"Granulat":154,"Watte":150,"Lutschtabletten":149,"Konzentrat":147,"Hartkapseln":136,"Injektionslösung":136,"Folie":125,"Weichkapseln":125,"Sonstige":124,"Lösung zum Einnehmen":119,"Kautabletten":115,"Sirup":113,"Mundwasser":108,"Implantat":107,"Vlies":102,"Kaugummi":101,"Saft":101,"Infusionslösung":100,"Überzogene Tabletten":99,"Tape":97,"Brausetabletten":95,"Salz":95,"inhalation":94,"Einreibung":88,"Liquidum":81,"Flüssigkeit zum Einnehmen":79,"Spüllösung":79,"Tabletten magensaftresistent":79,"Massageöl":76,"Tinktur":76,"Paste":73,"Schaum":73,"Suppositorien":72,"Pulver zur Herstellung einer Lösung zum Einnehmen":71,"Emulsion":70,"Kapseln magensaftresistent":69,"Fertigspritzen":64,"Shampoo":64,"Stifte":61,"Tube":55,"Packung":52,"Streifen":51,"Körperpflege":50,"Periodenslip":50,"stück":50,"Dragees":47,"Infusionsbeutel":47,"Stäbchen":47,"Puder":46,"Sprühflasche":46,"Suspension":45,"Tonikum":41,"Mullkompresse":40,"Essenz":39,"Set":38,"Selbsttest":34,"Trank":34,"Nadel":33,"Wirkstoffhaltiger Nagellack":32,"FLASCHE":31,"Dosierspray":30,"Schmelztabletten":30,"Trituration":30,"Zahngel":30,"Einzeldosispipetten":29,"Gelplatten":29,"Schwämme":29,"Lutschpastillen":28,"Maske":26,"Seife":26,"Einmalkanülen":25,"Elixier":25,"Duschgel":24,"Fieberthermometer":24,"Magensaftresistente Hartkapseln":24,"Nasentropfen":24,"Wurzel":24,"Augengel":23,"Kaudragees":23,"Pflaster transdermal":22,"Inhalat":21,"Nasendosierspray":21,"Suspension zum Einnehmen":21,"Extrakt":20,"Pflaster-Strips":20,"Selbsttests":20,"Vaginalcreme":20,"Einmalspritzen":19,"Fixierpflaster":19,"Flüssigseife":19,"Interdentalbürsten mit  praktischem Griff":18,"Testkassette":18,"Vaginalgel":18,"Würfel":18,"Spritzampullen":17,"Vaginalsuppositorien":17,"ml":16,"Franzbranntwein":15,"Granulat zur Herstellung einer Suspension zum Einnehmen":15,"Kerne":15,"Milch":15,"Pumplösung":15,"Retard-Kapseln":15,"Gummies":14,"Kalt- \u0026 Warm-Kompresse":14,"Pellets":14,"Pflasterverband":14,"Schrank":14,"Blasenspritzen":13,"Blutdruckmessgerät":13,"Händedesinfektion":13,"Inhalationslösung":13,"Vaginaltabletten":13,"Vibrator":13,"Dosieraerosol":12,"Elektroden":12,"Lanzette":12,"Teststäbchen":12,"Vliesstoffkompresse":12,"Wund-Pflaster":12,"Wundverband":12,"Hartkapseln mit magensaftresistent überzogenen Pellets":11,"Klistiere":11,"Koffer":11,"Rollen":11,"Schnelltest":11,"Spray, Tropfen":11,"g":11,"Augensalbe":10,"Liquid":10,"Packungsmasse":10,"Pulver zur Herstellung einer Suspension zum Einnehmen":10,"Wärmepflaster":10,"Blätter":9,"Fettsalbe":9,"Gipsbinden":9,"Infusionslösungskonzentrat":9,"Kälte-Sofort-Kompresse":9,"Magensaftresistente Weichkapseln":9,"Mundpflegestäbchen":9,"Ohrentropfen":9}},"facets_stats":{"brand_names":{"min":250,"max":35000,"avg":4395,"sum":162650},"pricing.price":{"min":0,"max":9999,"avg":78.5206,"sum":6709420},"rating.average_overall":{"min":1,"max":5,"avg":4.59854,"sum":97962.7},"pharmaceutical_properties.pharmaceutical_form":{"min":0,"max":0,"avg":0,"sum":0}},"exhaustiveFacetsCount":false,"exhaustiveNbHits":true,"exhaustiveTypo":true,"exhaustive":{"facetsCount":false,"nbHits":true,"typo":true},"query":"","params":"attributesToRetrieve=%5B%22lazy_id%22%2C%22product_id%22%2C%22readable_id%22%2C%22product_group_id%22%2C%22ean%22%2C%22slug%22%2C%22name%22%2C%22medias_v2%22%2C%22sales_type%22%2C%22pricing%22%2C%22base_price%22%2C%22has_stock%22%2C%22manufacturer%22%2C%22brand%22%2C%22pharmaceutical_properties%22%2C%22attributes%22%2C%22variant_count%22%2C%22rating%22%2C%22category_hierarchy%22%2C%22seller%22%2C%22categories_belongs_to%22%2C%22sub_headline%22%5D\u0026facetFilters=%5B%5B%22category_hierarchy.lv0%3AArzneimittel+%26+Gesundheit%22%5D%5D\u0026facets=%5B%22attributes.docmorris_labels%22%2C%22attributes.eigenschaften%22%2C%22attributes.geeignet_fuer%22%2C%22attributes.packaging_size%22%2C%22brand_names%22%2C%22category_hierarchy.lv0%22%2C%22category_hierarchy.lv1%22%2C%22manufacturer.name%22%2C%22pharmaceutical_properties.pharmaceutical_form%22%2C%22pricing.price%22%2C%22rating.average_overall%22%2C%22sales_type_filter%22%5D\u0026getRankingInfo=true\u0026highlightPostTag=__%2Fais-highlight__\u0026highlightPreTag=__ais-highlight__\u0026maxValuesPerFacet=200\u0026page=0\u0026filters=backfilling_winner%3Atrue","index":"pro_docmorris_products","serverUsed":"d172-eu-2.algolia.net","abTestID":12519,"abTestVariantID":1,"indexUsed":"pro_docmorris_products","parsedQuery":"","timeoutCounts":false,"timeoutHits":false,"aiReRanking":{"reRankingActivated":true,"persoImpactInsideActivationWindow":false},"appliedRules":[{"objectID":"qr-1766406090318"},{"objectID":"qr-1713506253708"},{"objectID":"qr-1743578963138"},{"objectID":"qr-1748853545836"},{"objectID":"qr-1752823004043"}],"renderingContent":{"facetOrdering":{"facets":{"order":["category_names","manufacturer.name","brand_names","attributes.packaging_size","pharmaceutical_properties.pharmaceutical_form","sales_type_filter","attributes.eigenschaften","attributes.geeignet_fuer","pricing.price","rating.average_overall","attributes.docmorris_labels"]},"values":{"attributes.docmorris_labels":{"sortRemainingBy":"count"},"attributes.eigenschaften":{"sortRemainingBy":"count"},"attributes.geeignet_fuer":{"sortRemainingBy":"count"},"attributes.packaging_size":{"sortRemainingBy":"count"},"brand_names":{"sortRemainingBy":"count"},"category_names":{"sortRemainingBy":"count"},"manufacturer.name":{"sortRemainingBy":"count"},"pharmaceutical_properties.pharmaceutical_form":{"sortRemainingBy":"count"},"pricing.price":{"sortRemainingBy":"count"},"rating.average_overall":{"sortRemainingBy":"count"},"sales_type_filter":{"sortRemainingBy":"count"}}}},"processingTimeMS":124,"processingTimingsMS":{"_request":{"queue":1,"roundTrip":11},"afterFetch":{"dedupFacets":6,"format":{"total":1},"merge":{"distinctProcessing":{"total":22},"total":22},"total":29},"extensions":1,"fetch":{"facetingAfterDistinct":46,"scanning":44,"total":91},"rules":1,"total":124},"serverTimeMS":127},"serverUrl":"https://www.docmorris.de/arzneimittel-gesundheit","category":{"id":"06c70087-a302-4663-91a0-c081ffa5325b","name":"Arzneimittel \u0026 Gesundheit","readableId":"XVH4PLGY","slugPath":"arzneimittel-gesundheit","breadcrumbs":[{"id":"06c70087-a302-4663-91a0-c081ffa5325b","readable_id":"XVH4PLGY","name":"Arzneimittel \u0026 Gesundheit","slug":"arzneimittel-gesundheit","slug_path":"arzneimittel-gesundheit","level":0}],"metaTitle":"Arzneimittel \u0026 Medikamente kaufen","metaDescription":"Arznmeimittel \u0026 Medikamente bequem in der Online-Apotheke bestellen. Schnelle Lieferung ✓ Rezeptfrei ✓ Sichere Zahlung ✓","header":"","body":""},"slugPaths":{"Arzneimittel \u0026 Gesundheit \u003e Allergie \u003e Antiallergikum nach Wirkstoff \u003e Loratadin":"arzneimittel-gesundheit/allergie/antiallergikum-nach-wirkstoff/loratadin","Kinder \u0026 Familie \u003e Baby \u0026 Kind \u003e Homöopathie für Kinder":"kinder-familie/baby-kind/homoeopathie-fuer-kinder","Beauty \u0026 Pflege \u003e Haare \u003e Haarfarben \u003e Aufhellung \u0026 Blondierung":"beauty-pflege/haare/haarfarben/aufhellung-blondierung","Vitamine, Sport \u0026 Ernährung \u003e Ernährung \u003e Süßungsmittel":"vitamine-sport-ernaehrung/ernaehrung/suessungsmittel","Arzneimittel \u0026 Gesundheit \u003e Diabetes \u003e Diabetiker Fuß- \u0026 Hautpflege":"arzneimittel-gesundheit/diabetes/diabetiker-fuss-hautpflege","Beauty \u0026 Pflege \u003e Dermatologische Kosmetik":"beauty-pflege/dermatologische-kosmetik","Arzneimittel \u0026 Gesundheit \u003e Allergie \u003e Asthma":"arzneimittel-gesundheit/allergie/asthma","Vitamine, Sport \u0026 Ernährung \u003e Ernährung \u003e Für Schwangere":"vitamine-sport-ernaehrung/ernaehrung/fuer-schwangere","Tiergesundheit \u0026 Tierbedarf \u003e Hunde \u003e Augen- \u0026 Ohrenpflege":"tiergesundheit-tierbedarf/hunde/augen-ohrenpflege","Bücher \u0026 Ratgeber \u003e Familie \u0026 Kinder \u003e Baby-, Kinder- \u0026 Jugendbücher \u003e Kinderbücher bis 11 Jahre":"buecher-ratgeber/familie-kinder/baby-kinder-jugendbuecher/kinderbuecher-bis-11-jahre","Bücher \u0026 Ratgeber \u003e Familie \u0026 Kinder \u003e Baby-, Kinder- \u0026 Jugendbücher":"buecher-ratgeber/familie-kinder/baby-kinder-jugendbuecher","Arzneimittel \u0026 Gesundheit \u003e Homöopathie \u0026 Natur \u003e Pflanzen- \u0026 Naturtherapie \u003e Herz, Kreislauf \u0026 Gefäße":"arzneimittel-gesundheit/homoeopathie-natur/pflanzen-naturtherapie/herz-kreislauf-gefaesse","Beauty \u0026 Pflege \u003e Make-up \u003e Lippen \u003e Lippenstifte":"beauty-pflege/make-up/lippen/lippenstifte","Arzneimittel \u0026 Gesundheit \u003e Mund- \u0026 Zahngesundheit":"arzneimittel-gesundheit/mund-zahngesundheit","Tiergesundheit \u0026 Tierbedarf \u003e Hunde \u003e Wundbehandlung":"tiergesundheit-tierbedarf/hunde/wundbehandlung","Beauty \u0026 Pflege \u003e Naturkosmetik \u003e Gesicht \u003e Anti-Aging":"beauty-pflege/naturkosmetik/gesicht/anti-aging","Bücher \u0026 Ratgeber \u003e Gesundheit \u0026 Wohlfühlen \u003e Entspannung, Yoga, Meditation, Autogenes Training":"buecher-ratgeber/gesundheit-wohlfuehlen/entspannung-yoga-meditation-autogenes-training","Arzneimittel \u0026 Gesundheit \u003e Schmerzmittel \u003e Kopfschmerzen \u0026 Migräne":"arzneimittel-gesundheit/schmerzmittel/kopfschmerzen-migraene","Arzneimittel \u0026 Gesundheit \u003e Liebe \u0026 Sexualität \u003e Verhütung \u0026 Kondome":"arzneimittel-gesundheit/liebe-sexualitaet/verhuetung-kondome","Vitamine, Sport \u0026 Ernährung \u003e Nahrungsergänzung \u003e Vitamine \u003e Vitamin B":"vitamine-sport-ernaehrung/nahrungsergaenzung/vitamine/vitamin-b","Arzneimittel \u0026 Gesundheit \u003e Blase, Niere \u0026 Prostata \u003e Blase":"arzneimittel-gesundheit/blase-niere-prostata/blase","Beauty \u0026 Pflege \u003e Haare \u003e Haarstyling \u0026 Stylingtools \u003e Schaumfestiger":"beauty-pflege/haare/haarstyling-stylingtools/schaumfestiger","Arzneimittel \u0026 Gesundheit \u003e Beruhigung, Schlaf \u0026 Stress \u003e Depressive Verstimmung":"arzneimittel-gesundheit/beruhigung-schlaf-stress/depressive-verstimmung","Beauty \u0026 Pflege \u003e Haare \u003e Haarstyling \u0026 Stylingtools \u003e Haarföhn":"beauty-pflege/haare/haarstyling-stylingtools/haarfoehn","Vitamine, Sport \u0026 Ernährung \u003e Sport \u0026 Fitness \u003e Fitnessgeräte \u003e Kardiogeräte":"vitamine-sport-ernaehrung/sport-fitness/fitnessgeraete/kardiogeraete","Bücher \u0026 Ratgeber \u003e Lebensführung \u003e Spiritualität \u003e Östliche Weisheiten":"buecher-ratgeber/lebensfuehrung/spiritualitaet/oestliche-weisheiten","Arzneimittel \u0026 Gesundheit \u003e Allergie":"arzneimittel-gesundheit/allergie","Arzneimittel \u0026 Gesundheit \u003e Auge \u0026 Ohr \u003e Gereizte \u0026 trockene Augen":"arzneimittel-gesundheit/auge-ohr/gereizte-trockene-augen","Arzneimittel \u0026 Gesundheit \u003e Haut, Haare \u0026 Nägel \u003e Dekubitus, Wundliegen":"arzneimittel-gesundheit/haut-haare-naegel/dekubitus-wundliegen","Vitamine, Sport \u0026 Ernährung \u003e Ernährung \u003e Öle":"vitamine-sport-ernaehrung/ernaehrung/oele","Vitamine, Sport \u0026 Ernährung \u003e Sport \u0026 Fitness \u003e Aminosäuren \u003e Kreatin":"vitamine-sport-ernaehrung/sport-fitness/aminosaeuren/kreatin","Sanitätshaus \u003e Bandagen \u003e Ober- \u0026 Unterschenkelbandagen":"sanitaetshaus/bandagen/ober-unterschenkelbandagen","Arzneimittel \u0026 Gesundheit \u003e Mund- \u0026 Zahngesundheit \u003e Zahnpflege":"arzneimittel-gesundheit/mund-zahngesundheit/zahnpflege","Sanitätshaus \u003e Alltagshilfen \u003e Anziehen":"sanitaetshaus/alltagshilfen/anziehen","Arzneimittel \u0026 Gesundheit \u003e Herz, Kreislauf \u0026 Gedächtnis \u003e Herz \u003e Cholesterin \u0026 Blutfettwerte":"arzneimittel-gesundheit/herz-kreislauf-gedaechtnis/herz/cholesterin-blutfettwerte","Vitamine, Sport \u0026 Ernährung \u003e Nahrungsergänzung":"vitamine-sport-ernaehrung/nahrungsergaenzung","Arzneimittel \u0026 Gesundheit \u003e Haut, Haare \u0026 Nägel \u003e Haarausfall":"arzneimittel-gesundheit/haut-haare-naegel/haarausfall","Vitamine, Sport \u0026 Ernährung \u003e Nahrungsergänzung \u003e Kombipräparate":"vitamine-sport-ernaehrung/nahrungsergaenzung/kombipraeparate","Bücher \u0026 Ratgeber \u003e Lebensführung \u003e Spiritualität \u003e Sonstiges":"buecher-ratgeber/lebensfuehrung/spiritualitaet/sonstiges","Bücher \u0026 Ratgeber \u003e Gesundheit \u0026 Wohlfühlen \u003e Fitness, Aerobic, Bodybuilding, Gymnastik":"buecher-ratgeber/gesundheit-wohlfuehlen/fitness-aerobic-bodybuilding-gymnastik","Kinder \u0026 Familie \u003e Schwangerschaft":"kinder-familie/schwangerschaft","Vitamine, Sport \u0026 Ernährung \u003e Nahrungsergänzung \u003e Mineralstoffe \u0026 Spurenelemente \u003e Mangan":"vitamine-sport-ernaehrung/nahrungsergaenzung/mineralstoffe-spurenelemente/mangan","Beauty \u0026 Pflege \u003e Naturkosmetik \u003e Körper \u003e Körperpflege Männer":"beauty-pflege/naturkosmetik/koerper/koerperpflege-maenner","Arzneimittel \u0026 Gesundheit \u003e Auge \u0026 Ohr \u003e Sehkraftstärkung":"arzneimittel-gesundheit/auge-ohr/sehkraftstaerkung","Arzneimittel \u0026 Gesundheit \u003e Männergesundheit \u003e Mineralstoffe \u0026 Fitness":"arzneimittel-gesundheit/maennergesundheit/mineralstoffe-fitness","Sanitätshaus \u003e Inkontinenz \u003e Fixier- \u0026 Netzhosen":"sanitaetshaus/inkontinenz/fixier-netzhosen","Beauty \u0026 Pflege \u003e Sonne \u0026 Schutz":"beauty-pflege/sonne-schutz","Beauty \u0026 Pflege \u003e Haare \u003e Nach Haartyp \u003e Anti-Frizz":"beauty-pflege/haare/nach-haartyp/anti-frizz","Kinder \u0026 Familie \u003e Kinderwunsch \u003e Vitamine bei Kinderwunsch":"kinder-familie/kinderwunsch/vitamine-bei-kinderwunsch","Beauty \u0026 Pflege \u003e Naturkosmetik \u003e Parfum":"beauty-pflege/naturkosmetik/parfum","Beauty \u0026 Pflege \u003e Parfum \u003e Duftnoten \u003e Aromatische Düfte":"beauty-pflege/parfum/duftnoten/aromatische-duefte","Beauty \u0026 Pflege \u003e Parfum \u003e Herrendüfte":"beauty-pflege/parfum/herrenduefte","Vitamine, Sport \u0026 Ernährung \u003e Sport \u0026 Fitness \u003e Aminosäuren \u003e Amino Kombinationen":"vitamine-sport-ernaehrung/sport-fitness/aminosaeuren/amino-kombinationen","Bücher \u0026 Ratgeber \u003e Familie \u0026 Kinder \u003e Baby-, Kinder- \u0026 Jugendbücher \u003e Sachbücher, Sachbilderbücher":"buecher-ratgeber/familie-kinder/baby-kinder-jugendbuecher/sachbuecher-sachbilderbuecher","Vitamine, Sport \u0026 Ernährung \u003e Nahrungsergänzung \u003e Mineralstoffe \u0026 Spurenelemente \u003e Selen":"vitamine-sport-ernaehrung/nahrungsergaenzung/mineralstoffe-spurenelemente/selen","Vitamine, Sport \u0026 Ernährung \u003e Ernährung \u003e Süßwaren \u0026 Salziges \u003e Bonbons":"vitamine-sport-ernaehrung/ernaehrung/suesswaren-salziges/bonbons","Bücher \u0026 Ratgeber \u003e Gesundheit \u0026 Wohlfühlen \u003e Fachbücher Psychologie \u003e Theoretische Psychologie":"buecher-ratgeber/gesundheit-wohlfuehlen/fachbuecher-psychologie/theoretische-psychologie","Vitamine, Sport \u0026 Ernährung":"vitamine-sport-ernaehrung","Beauty \u0026 Pflege \u003e Sonne \u0026 Schutz \u003e Selbstbräuner":"beauty-pflege/sonne-schutz/selbstbraeuner","Vitamine, Sport \u0026 Ernährung \u003e Ernährung \u003e Superfood \u003e Traubenkernextrakt - OPC":"vitamine-sport-ernaehrung/ernaehrung/superfood/traubenkernextrakt-opc","Arzneimittel \u0026 Gesundheit \u003e Homöopathie \u0026 Natur \u003e Schüßler Salze \u003e Lotionen":"arzneimittel-gesundheit/homoeopathie-natur/schuessler-salze/lotionen","Sanitätshaus \u003e Pflegebedarf \u0026 Haushalt \u003e Haushalt \u0026 Hygiene":"sanitaetshaus/pflegebedarf-haushalt/haushalt-hygiene","Beauty \u0026 Pflege":"beauty-pflege","Arzneimittel \u0026 Gesundheit \u003e Homöopathie \u0026 Natur \u003e Pflanzen- \u0026 Naturtherapie \u003e Haut, Haare \u0026 Nägel":"arzneimittel-gesundheit/homoeopathie-natur/pflanzen-naturtherapie/haut-haare-naegel","Beauty \u0026 Pflege \u003e Make-up \u003e Nägel \u003e Nagellackentferner":"beauty-pflege/make-up/naegel/nagellackentferner","Arzneimittel \u0026 Gesundheit \u003e Haut, Haare \u0026 Nägel \u003e Neurodermitis":"arzneimittel-gesundheit/haut-haare-naegel/neurodermitis","Vitamine, Sport \u0026 Ernährung \u003e Ernährung \u003e Lifestylegetränke":"vitamine-sport-ernaehrung/ernaehrung/lifestylegetraenke","Vitamine, Sport \u0026 Ernährung \u003e Sport \u0026 Fitness \u003e Meditation \u0026 Yoga \u003e Yogakleidung":"vitamine-sport-ernaehrung/sport-fitness/meditation-yoga/yogakleidung","Arzneimittel \u0026 Gesundheit \u003e Liebe \u0026 Sexualität \u003e Liebeskugeln":"arzneimittel-gesundheit/liebe-sexualitaet/liebeskugeln","Vitamine, Sport \u0026 Ernährung \u003e Sport \u0026 Fitness \u003e Muskelaufbau \u0026 Protein \u003e Verzehrfertige Protein-Shakes":"vitamine-sport-ernaehrung/sport-fitness/muskelaufbau-protein/verzehrfertige-protein-shakes","Arzneimittel \u0026 Gesundheit \u003e Herz, Kreislauf \u0026 Gedächtnis \u003e Herz \u003e Blutverdünnung":"arzneimittel-gesundheit/herz-kreislauf-gedaechtnis/herz/blutverduennung","Bücher \u0026 Ratgeber \u003e Gesundheit \u0026 Wohlfühlen \u003e Krankheiten \u003e Essstörungen":"buecher-ratgeber/gesundheit-wohlfuehlen/krankheiten/essstoerungen","Vitamine, Sport \u0026 Ernährung \u003e Nahrungsergänzung \u003e Vitamine \u003e Vitamin K":"vitamine-sport-ernaehrung/nahrungsergaenzung/vitamine/vitamin-k","Beauty \u0026 Pflege \u003e Körper \u003e Haarentfernung":"beauty-pflege/koerper/haarentfernung","Arzneimittel \u0026 Gesundheit \u003e Männergesundheit \u003e Haarausfall":"arzneimittel-gesundheit/maennergesundheit/haarausfall","Kinder \u0026 Familie \u003e Schwangerschaft \u003e Schwangerschaftstests":"kinder-familie/schwangerschaft/schwangerschaftstests","Vitamine, Sport \u0026 Ernährung \u003e Sport \u0026 Fitness \u003e Aminosäuren \u003e Taurin":"vitamine-sport-ernaehrung/sport-fitness/aminosaeuren/taurin","Kinder \u0026 Familie \u003e Schwangerschaft \u003e Schwangerschaftsvitamine":"kinder-familie/schwangerschaft/schwangerschaftsvitamine","Arzneimittel \u0026 Gesundheit \u003e Herz, Kreislauf \u0026 Gedächtnis \u003e Herz \u003e Blutdruck-Messgeräte":"arzneimittel-gesundheit/herz-kreislauf-gedaechtnis/herz/blutdruck-messgeraete","Bücher \u0026 Ratgeber \u003e Ernährung \u0026 Lifestyle \u003e Ernährung \u003e Gesunde Küche, Schlanke Küche":"buecher-ratgeber/ernaehrung-lifestyle/ernaehrung/gesunde-kueche-schlanke-kueche","Arzneimittel \u0026 Gesundheit \u003e Allergie \u003e Antiallergikum nach Wirkstoff":"arzneimittel-gesundheit/allergie/antiallergikum-nach-wirkstoff","Bücher \u0026 Ratgeber \u003e Gesundheit \u0026 Wohlfühlen \u003e Fachbücher Medizin \u003e Klinische Fächer":"buecher-ratgeber/gesundheit-wohlfuehlen/fachbuecher-medizin/klinische-faecher","Arzneimittel \u0026 Gesundheit \u003e Diabetes \u003e Insulinspritzen \u0026 Pens \u003e Insulinpen":"arzneimittel-gesundheit/diabetes/insulinspritzen-pens/insulinpen","Arzneimittel \u0026 Gesundheit \u003e Diabetes \u003e Insulinspritzen \u0026 Pens \u003e Kanülen":"arzneimittel-gesundheit/diabetes/insulinspritzen-pens/kanuelen","Arzneimittel \u0026 Gesundheit \u003e Haut, Haare \u0026 Nägel \u003e An Händen \u0026 Füßen \u003e Fußpilz":"arzneimittel-gesundheit/haut-haare-naegel/an-haenden-fuessen/fusspilz","Arzneimittel \u0026 Gesundheit \u003e Muskeln, Knochen, Gelenke \u003e Osteoporose":"arzneimittel-gesundheit/muskeln-knochen-gelenke/osteoporose","Bücher \u0026 Ratgeber \u003e Familie \u0026 Kinder \u003e Baby-, Kinder- \u0026 Jugendbücher \u003e Spielen \u0026 Lernen":"buecher-ratgeber/familie-kinder/baby-kinder-jugendbuecher/spielen-lernen","Arzneimittel \u0026 Gesundheit \u003e Allergie \u003e Hausstaubmilben":"arzneimittel-gesundheit/allergie/hausstaubmilben","Sanitätshaus \u003e Bekleidung \u0026 Schuhe":"sanitaetshaus/bekleidung-schuhe","Arzneimittel \u0026 Gesundheit \u003e Homöopathie \u0026 Natur \u003e Bachblüten \u003e Blütenessenzen":"arzneimittel-gesundheit/homoeopathie-natur/bachblueten/bluetenessenzen","Kinder \u0026 Familie \u003e Baby \u0026 Kind \u003e Ohrenpflege für Kinder":"kinder-familie/baby-kind/ohrenpflege-fuer-kinder","Beauty \u0026 Pflege \u003e Make-up \u003e Lippen":"beauty-pflege/make-up/lippen","Arzneimittel \u0026 Gesundheit \u003e Homöopathie \u0026 Natur \u003e Homöopathie":"arzneimittel-gesundheit/homoeopathie-natur/homoeopathie","Arzneimittel \u0026 Gesundheit \u003e Erkältung \u0026 Grippe \u003e Grippaler Infekt":"arzneimittel-gesundheit/erkaeltung-grippe/grippaler-infekt","Bücher \u0026 Ratgeber \u003e Gesundheit \u0026 Wohlfühlen \u003e Krankheiten \u003e Beruhigung, Schlaf \u0026 Stress":"buecher-ratgeber/gesundheit-wohlfuehlen/krankheiten/beruhigung-schlaf-stress","Arzneimittel \u0026 Gesundheit \u003e Haut, Haare \u0026 Nägel \u003e Pilzerkrankungen \u003e Vaginalpilz":"arzneimittel-gesundheit/haut-haare-naegel/pilzerkrankungen/vaginalpilz","Bücher \u0026 Ratgeber \u003e Gesundheit \u0026 Wohlfühlen \u003e Krankheiten \u003e Augenkrankheiten":"buecher-ratgeber/gesundheit-wohlfuehlen/krankheiten/augenkrankheiten","Arzneimittel \u0026 Gesundheit \u003e Mund- \u0026 Zahngesundheit \u003e Mundpflege \u003e Aphthen und Entzündungen":"arzneimittel-gesundheit/mund-zahngesundheit/mundpflege/aphthen-und-entzuendungen","Arzneimittel \u0026 Gesundheit \u003e Auge \u0026 Ohr \u003e Kontaktlinsenzubehör":"arzneimittel-gesundheit/auge-ohr/kontaktlinsenzubehoer","Bücher \u0026 Ratgeber \u003e Lebensführung \u003e Spiritualität \u003e Anthroposophie":"buecher-ratgeber/lebensfuehrung/spiritualitaet/anthroposophie","Vitamine, Sport \u0026 Ernährung \u003e Sport \u0026 Fitness \u003e Aminosäuren \u003e Weitere Aminosäuren":"vitamine-sport-ernaehrung/sport-fitness/aminosaeuren/weitere-aminosaeuren","Tiergesundheit \u0026 Tierbedarf \u003e Katzen \u003e Ungeziefer \u0026 Parasiten":"tiergesundheit-tierbedarf/katzen/ungeziefer-parasiten","Arzneimittel \u0026 Gesundheit \u003e Homöopathie \u0026 Natur \u003e Pflanzen- \u0026 Naturtherapie":"arzneimittel-gesundheit/homoeopathie-natur/pflanzen-naturtherapie","Kinder \u0026 Familie \u003e Kinderwunsch \u003e Ovulationstest \u0026 Fertilitätsmonitor":"kinder-familie/kinderwunsch/ovulationstest-fertilitaetsmonitor","Arzneimittel \u0026 Gesundheit \u003e Hanf \u0026 CBD-Produkte \u003e CBD-Salben":"arzneimittel-gesundheit/hanf-cbd-produkte/cbd-salben","Arzneimittel \u0026 Gesundheit \u003e Magen, Darm \u0026 Verdauung \u003e Madenwurmbefall":"arzneimittel-gesundheit/magen-darm-verdauung/madenwurmbefall","Arzneimittel \u0026 Gesundheit \u003e Mund- \u0026 Zahngesundheit \u003e Zahnpflege \u003e Ersatzaufsteckbürsten":"arzneimittel-gesundheit/mund-zahngesundheit/zahnpflege/ersatzaufsteckbuersten","Arzneimittel \u0026 Gesundheit \u003e Homöopathie \u0026 Natur \u003e Pflanzen- \u0026 Naturtherapie \u003e Mutter \u0026 Kind":"arzneimittel-gesundheit/homoeopathie-natur/pflanzen-naturtherapie/mutter-kind","Arzneimittel \u0026 Gesundheit \u003e Magen, Darm \u0026 Verdauung \u003e Magen \u0026 Darm Tee":"arzneimittel-gesundheit/magen-darm-verdauung/magen-darm-tee","Kinder \u0026 Familie \u003e Baby \u0026 Kind \u003e Durchfall \u0026 Verstopfung":"kinder-familie/baby-kind/durchfall-verstopfung","Vitamine, Sport \u0026 Ernährung \u003e Ernährung \u003e Vegane Ernährung":"vitamine-sport-ernaehrung/ernaehrung/vegane-ernaehrung","Beauty \u0026 Pflege \u003e Gesicht \u003e Gesichtsmasken":"beauty-pflege/gesicht/gesichtsmasken","Arzneimittel \u0026 Gesundheit \u003e Diabetes \u003e Diabetische Begleiterkrankung":"arzneimittel-gesundheit/diabetes/diabetische-begleiterkrankung","Beauty \u0026 Pflege \u003e Make-up \u003e Teint \u003e Foundation":"beauty-pflege/make-up/teint/foundation","Vitamine, Sport \u0026 Ernährung \u003e Nahrungsergänzung \u003e Vitamine \u003e Vitamine für Kinder":"vitamine-sport-ernaehrung/nahrungsergaenzung/vitamine/vitamine-fuer-kinder","Beauty \u0026 Pflege \u003e Haare \u003e Haarstyling \u0026 Stylingtools \u003e Bürsten \u0026 Kämme":"beauty-pflege/haare/haarstyling-stylingtools/buersten-kaemme","Arzneimittel \u0026 Gesundheit \u003e Allergie \u003e Allergie Augenbehandlung":"arzneimittel-gesundheit/allergie/allergie-augenbehandlung","Kinder \u0026 Familie \u003e Baby \u0026 Kind \u003e Sonnencreme":"kinder-familie/baby-kind/sonnencreme","Arzneimittel \u0026 Gesundheit \u003e Erkältung \u0026 Grippe \u003e Einreiben \u0026 Inhalieren \u003e Inhalationslösung":"arzneimittel-gesundheit/erkaeltung-grippe/einreiben-inhalieren/inhalationsloesung","Beauty \u0026 Pflege \u003e Gesicht \u003e Pflege nach Inhaltsstoffen \u003e Aloe Vera":"beauty-pflege/gesicht/pflege-nach-inhaltsstoffen/aloe-vera","Kinder \u0026 Familie \u003e Baby \u0026 Kind \u003e Läuse":"kinder-familie/baby-kind/laeuse","Bücher \u0026 Ratgeber \u003e Lebensführung \u003e Spiritualität \u003e Altes Wissen, Alte Kulturen":"buecher-ratgeber/lebensfuehrung/spiritualitaet/altes-wissen-alte-kulturen","Arzneimittel \u0026 Gesundheit \u003e Blase, Niere \u0026 Prostata \u003e Prostata":"arzneimittel-gesundheit/blase-niere-prostata/prostata","Kinder \u0026 Familie \u003e Stillzeit \u0026 Wochenbett \u003e Abstillhilfen":"kinder-familie/stillzeit-wochenbett/abstillhilfen","Arzneimittel \u0026 Gesundheit \u003e Schmerzmittel \u003e Schmerzmittel nach Wirkstoff \u003e Naproxen":"arzneimittel-gesundheit/schmerzmittel/schmerzmittel-nach-wirkstoff/naproxen","Arzneimittel \u0026 Gesundheit \u003e Erkältung \u0026 Grippe \u003e Kirschkernkissen \u0026 Wärmeflaschen":"arzneimittel-gesundheit/erkaeltung-grippe/kirschkernkissen-waermeflaschen","Bücher \u0026 Ratgeber \u003e Ernährung \u0026 Lifestyle \u003e Ernährung \u003e Vitamine \u0026 Mineralien":"buecher-ratgeber/ernaehrung-lifestyle/ernaehrung/vitamine-mineralien","Arzneimittel \u0026 Gesundheit \u003e Haut, Haare \u0026 Nägel \u003e Wundheilung \u003e Blutergüsse":"arzneimittel-gesundheit/haut-haare-naegel/wundheilung/bluterguesse","Vitamine, Sport \u0026 Ernährung \u003e Nahrungsergänzung \u003e Mineralstoffe \u0026 Spurenelemente \u003e Fluor":"vitamine-sport-ernaehrung/nahrungsergaenzung/mineralstoffe-spurenelemente/fluor","Sanitätshaus \u003e Mobilität \u003e Rollstühle":"sanitaetshaus/mobilitaet/rollstuehle","Arzneimittel \u0026 Gesundheit \u003e Homöopathie \u0026 Natur \u003e Homöopathie \u003e Sets":"arzneimittel-gesundheit/homoeopathie-natur/homoeopathie/sets","Vitamine, Sport \u0026 Ernährung \u003e Sport \u0026 Fitness \u003e Muskelaufbau \u0026 Protein \u003e Mehrkomponenten Protein":"vitamine-sport-ernaehrung/sport-fitness/muskelaufbau-protein/mehrkomponenten-protein","Beauty \u0026 Pflege \u003e Gesicht \u003e Pflege nach Inhaltsstoffen \u003e Peptide":"beauty-pflege/gesicht/pflege-nach-inhaltsstoffen/peptide","Arzneimittel \u0026 Gesundheit \u003e Herz, Kreislauf \u0026 Gedächtnis \u003e Gefäße \u0026 Venen":"arzneimittel-gesundheit/herz-kreislauf-gedaechtnis/gefaesse-venen","Arzneimittel \u0026 Gesundheit \u003e Erkältung \u0026 Grippe \u003e Halsschmerzen \u003e nicht betäubend":"arzneimittel-gesundheit/erkaeltung-grippe/halsschmerzen/nicht-betaeubend","Arzneimittel \u0026 Gesundheit \u003e Magen, Darm \u0026 Verdauung \u003e Verdauungsenzyme":"arzneimittel-gesundheit/magen-darm-verdauung/verdauungsenzyme","Arzneimittel \u0026 Gesundheit \u003e Frauengesundheit \u003e Intimhygiene":"arzneimittel-gesundheit/frauengesundheit/intimhygiene","Vitamine, Sport \u0026 Ernährung \u003e Sport \u0026 Fitness \u003e Sportverletzungen \u0026 Schmerzen":"vitamine-sport-ernaehrung/sport-fitness/sportverletzungen-schmerzen","Vitamine, Sport \u0026 Ernährung \u003e Ernährung \u003e Superfood \u003e Chlorella, Spirulina \u0026 Algen":"vitamine-sport-ernaehrung/ernaehrung/superfood/chlorella-spirulina-algen","Arzneimittel \u0026 Gesundheit \u003e Erkältung \u0026 Grippe \u003e Husten \u0026 Bronchitis \u003e Hustenstiller":"arzneimittel-gesundheit/erkaeltung-grippe/husten-bronchitis/hustenstiller","Beauty \u0026 Pflege \u003e Naturkosmetik \u003e Haare \u003e Styling fürs Haar":"beauty-pflege/naturkosmetik/haare/styling-fuers-haar","Vitamine, Sport \u0026 Ernährung \u003e Sport \u0026 Fitness \u003e Aminosäuren \u003e L-Carnitin":"vitamine-sport-ernaehrung/sport-fitness/aminosaeuren/l-carnitin","Tiergesundheit \u0026 Tierbedarf \u003e Großtiere":"tiergesundheit-tierbedarf/grosstiere","Beauty \u0026 Pflege \u003e Gesicht \u003e Pflege nach Hautbedürfnis \u003e Rosacea \u0026 Couperose":"beauty-pflege/gesicht/pflege-nach-hautbeduerfnis/rosacea-couperose","Arzneimittel \u0026 Gesundheit \u003e Magen, Darm \u0026 Verdauung \u003e Morbus Crohn":"arzneimittel-gesundheit/magen-darm-verdauung/morbus-crohn","Vitamine, Sport \u0026 Ernährung \u003e Ernährung \u003e Superfood \u003e Vitalpilze":"vitamine-sport-ernaehrung/ernaehrung/superfood/vitalpilze","Vitamine, Sport \u0026 Ernährung \u003e Ernährung \u003e Vegane Ernährung \u003e Vegane Lebensmittel":"vitamine-sport-ernaehrung/ernaehrung/vegane-ernaehrung/vegane-lebensmittel","Sanitätshaus \u003e Medizinische Geräte \u003e Signale \u0026 Sicherheit":"sanitaetshaus/medizinische-geraete/signale-sicherheit","Beauty \u0026 Pflege \u003e Sonne \u0026 Schutz \u003e für den Körper":"beauty-pflege/sonne-schutz/fuer-den-koerper","Kinder \u0026 Familie \u003e Stillzeit \u0026 Wochenbett \u003e Still-BHs \u0026 Wochenbett-Slips":"kinder-familie/stillzeit-wochenbett/still-bhs-wochenbett-slips","Arzneimittel \u0026 Gesundheit \u003e Mund- \u0026 Zahngesundheit \u003e Zahnpflege \u003e Zahnbürsten":"arzneimittel-gesundheit/mund-zahngesundheit/zahnpflege/zahnbuersten","Beauty \u0026 Pflege \u003e Gesicht \u003e Pflege nach Inhaltsstoffen \u003e Hyaluronsäure":"beauty-pflege/gesicht/pflege-nach-inhaltsstoffen/hyaluronsaeure","Sanitätshaus \u003e Pflegebedarf \u0026 Haushalt \u003e Liegen \u0026 Sitzen":"sanitaetshaus/pflegebedarf-haushalt/liegen-sitzen","Arzneimittel \u0026 Gesundheit \u003e Homöopathie \u0026 Natur \u003e Schüßler Salze \u003e Globuli":"arzneimittel-gesundheit/homoeopathie-natur/schuessler-salze/globuli","Sanitätshaus \u003e Inkontinenz":"sanitaetshaus/inkontinenz","Beauty \u0026 Pflege \u003e Make-up \u003e Pinsel \u0026 Co. \u003e Schwämme":"beauty-pflege/make-up/pinsel-co/schwaemme","Arzneimittel \u0026 Gesundheit \u003e Auge \u0026 Ohr \u003e Tinnitus \u0026 Ohrengeräusche":"arzneimittel-gesundheit/auge-ohr/tinnitus-ohrengeraeusche","Arzneimittel \u0026 Gesundheit \u003e Haut, Haare \u0026 Nägel":"arzneimittel-gesundheit/haut-haare-naegel","Kinder \u0026 Familie \u003e Schwangerschaft \u003e Schwangerschaftspflege":"kinder-familie/schwangerschaft/schwangerschaftspflege","Beauty \u0026 Pflege \u003e Gesicht \u003e Lippenpflege":"beauty-pflege/gesicht/lippenpflege","Arzneimittel \u0026 Gesundheit \u003e Diabetes \u003e Diabetiker Fuß- \u0026 Hautpflege \u003e Hautpflege":"arzneimittel-gesundheit/diabetes/diabetiker-fuss-hautpflege/hautpflege","Sanitätshaus":"sanitaetshaus","Bücher \u0026 Ratgeber \u003e Gesundheit \u0026 Wohlfühlen \u003e Fachbücher Psychologie \u003e Grundlagen":"buecher-ratgeber/gesundheit-wohlfuehlen/fachbuecher-psychologie/grundlagen","Arzneimittel \u0026 Gesundheit \u003e Blase, Niere \u0026 Prostata \u003e Blase \u003e Blasenschwäche \u0026 Inkontinenz":"arzneimittel-gesundheit/blase-niere-prostata/blase/blasenschwaeche-inkontinenz","Beauty \u0026 Pflege \u003e Parfum \u003e Duftnoten \u003e Fruchtige Düfte":"beauty-pflege/parfum/duftnoten/fruchtige-duefte","Beauty \u0026 Pflege \u003e Parfum \u003e Duftnoten \u003e Frische Düfte":"beauty-pflege/parfum/duftnoten/frische-duefte","Beauty \u0026 Pflege \u003e Haare \u003e Nach Haartyp \u003e Feines \u0026 glattes Haar":"beauty-pflege/haare/nach-haartyp/feines-glattes-haar","Beauty \u0026 Pflege \u003e Gesicht \u003e Pflege nach Hautbedürfnis \u003e Für unreine Haut":"beauty-pflege/gesicht/pflege-nach-hautbeduerfnis/fuer-unreine-haut","Arzneimittel \u0026 Gesundheit \u003e Homöopathie \u0026 Natur \u003e Pflanzen- \u0026 Naturtherapie \u003e Schmerzen \u0026 Gelenke":"arzneimittel-gesundheit/homoeopathie-natur/pflanzen-naturtherapie/schmerzen-gelenke","Vitamine, Sport \u0026 Ernährung \u003e Ernährung \u003e Superfood \u003e Fruchtpulver":"vitamine-sport-ernaehrung/ernaehrung/superfood/fruchtpulver","Vitamine, Sport \u0026 Ernährung \u003e Sport \u0026 Fitness \u003e Meditation \u0026 Yoga \u003e Meditationskissen- \u0026 Matten":"vitamine-sport-ernaehrung/sport-fitness/meditation-yoga/meditationskissen-and-matten","Kinder \u0026 Familie \u003e Baby \u0026 Kind \u003e Mücken \u0026 Zecken":"kinder-familie/baby-kind/muecken-zecken","Bücher \u0026 Ratgeber \u003e Ernährung \u0026 Lifestyle \u003e Ernährung \u003e Länderküchen":"buecher-ratgeber/ernaehrung-lifestyle/ernaehrung/laenderkuechen","Vitamine, Sport \u0026 Ernährung \u003e Ernährung \u003e Superfood \u003e Leinsamen":"vitamine-sport-ernaehrung/ernaehrung/superfood/leinsamen","Bücher \u0026 Ratgeber \u003e Gesundheit \u0026 Wohlfühlen \u003e Krankheiten \u003e Selbsttests \u0026 Alltagshilfen":"buecher-ratgeber/gesundheit-wohlfuehlen/krankheiten/selbsttests-alltagshilfen","Arzneimittel \u0026 Gesundheit \u003e Muskeln, Knochen, Gelenke \u003e Stauchung, Prellung \u0026 Zerrung":"arzneimittel-gesundheit/muskeln-knochen-gelenke/stauchung-prellung-zerrung","Vitamine, Sport \u0026 Ernährung \u003e Sport \u0026 Fitness \u003e Fitnessgeräte \u003e Fitnessbänder":"vitamine-sport-ernaehrung/sport-fitness/fitnessgeraete/fitnessbaender","Arzneimittel \u0026 Gesundheit \u003e Homöopathie \u0026 Natur \u003e Homöopathie \u003e Einzelmittel":"arzneimittel-gesundheit/homoeopathie-natur/homoeopathie/einzelmittel","Sanitätshaus \u003e Bekleidung \u0026 Schuhe \u003e Schuhe \u0026 Socken":"sanitaetshaus/bekleidung-schuhe/schuhe-socken","Bücher \u0026 Ratgeber \u003e Gesundheit \u0026 Wohlfühlen \u003e Krankheiten \u003e Herz \u0026 Kreislauf, Venen":"buecher-ratgeber/gesundheit-wohlfuehlen/krankheiten/herz-kreislauf-venen","Beauty \u0026 Pflege \u003e Make-up \u003e Augen":"beauty-pflege/make-up/augen","Vitamine, Sport \u0026 Ernährung \u003e Nahrungsergänzung \u003e Vitamine \u003e Vitamin C":"vitamine-sport-ernaehrung/nahrungsergaenzung/vitamine/vitamin-c","Beauty \u0026 Pflege \u003e Parfum":"beauty-pflege/parfum","Arzneimittel \u0026 Gesundheit \u003e Mund- \u0026 Zahngesundheit \u003e Mundpflege":"arzneimittel-gesundheit/mund-zahngesundheit/mundpflege","Tiergesundheit \u0026 Tierbedarf \u003e Katzen \u003e Darm \u0026 Magen":"tiergesundheit-tierbedarf/katzen/darm-magen","Beauty \u0026 Pflege \u003e Naturkosmetik \u003e Parfum \u003e Damenparfum":"beauty-pflege/naturkosmetik/parfum/damenparfum","Arzneimittel \u0026 Gesundheit \u003e Schmerzmittel \u003e Schmerzmittel nach Wirkstoff \u003e Diclofenac":"arzneimittel-gesundheit/schmerzmittel/schmerzmittel-nach-wirkstoff/diclofenac","Tiergesundheit \u0026 Tierbedarf \u003e Katzen \u003e Unruhe \u0026 Nervosität":"tiergesundheit-tierbedarf/katzen/unruhe-nervositaet","Bücher \u0026 Ratgeber \u003e Familie \u0026 Kinder \u003e Familienratgeber \u003e Familie":"buecher-ratgeber/familie-kinder/familienratgeber/familie","Arzneimittel \u0026 Gesundheit \u003e Magen, Darm \u0026 Verdauung \u003e Leber \u0026 Galle":"arzneimittel-gesundheit/magen-darm-verdauung/leber-galle","Beauty \u0026 Pflege \u003e Make-up":"beauty-pflege/make-up","Beauty \u0026 Pflege \u003e Sonne \u0026 Schutz \u003e für das Gesicht":"beauty-pflege/sonne-schutz/fuer-das-gesicht","Sanitätshaus \u003e Bandagen \u003e Kniebandagen":"sanitaetshaus/bandagen/kniebandagen","Vitamine, Sport \u0026 Ernährung \u003e Nahrungsergänzung \u003e Mineralstoffe \u0026 Spurenelemente \u003e Chrom":"vitamine-sport-ernaehrung/nahrungsergaenzung/mineralstoffe-spurenelemente/chrom","Beauty \u0026 Pflege \u003e Gesicht \u003e Pflege nach Hautbedürfnis \u003e Gegen Rötungen \u0026 Pigmentflecken":"beauty-pflege/gesicht/pflege-nach-hautbeduerfnis/gegen-roetungen-pigmentflecken","Bücher \u0026 Ratgeber \u003e Lebensführung \u003e Spiritualität":"buecher-ratgeber/lebensfuehrung/spiritualitaet","Bücher \u0026 Ratgeber \u003e Ernährung \u0026 Lifestyle \u003e Ernährung \u003e Themenkochbücher":"buecher-ratgeber/ernaehrung-lifestyle/ernaehrung/themenkochbuecher","Arzneimittel \u0026 Gesundheit \u003e Magen, Darm \u0026 Verdauung \u003e Reizdarm":"arzneimittel-gesundheit/magen-darm-verdauung/reizdarm","Beauty \u0026 Pflege \u003e Naturkosmetik \u003e Körper \u003e Sonne \u0026 Schutz":"beauty-pflege/naturkosmetik/koerper/sonne-schutz","Vitamine, Sport \u0026 Ernährung \u003e Abnehmen \u003e Diätshakes \u0026 Mahlzeitenersatz \u003e Shakes":"vitamine-sport-ernaehrung/abnehmen/diaetshakes-mahlzeitenersatz/shakes","Vitamine, Sport \u0026 Ernährung \u003e Ernährung \u003e Manuka":"vitamine-sport-ernaehrung/ernaehrung/manuka","Vitamine, Sport \u0026 Ernährung \u003e Nahrungsergänzung \u003e Mineralstoffe \u0026 Spurenelemente \u003e Calcium":"vitamine-sport-ernaehrung/nahrungsergaenzung/mineralstoffe-spurenelemente/calcium","Vitamine, Sport \u0026 Ernährung \u003e Nahrungsergänzung \u003e Enzyme":"vitamine-sport-ernaehrung/nahrungsergaenzung/enzyme","Beauty \u0026 Pflege \u003e Parfum \u003e Duftnoten \u003e Blumige Düfte":"beauty-pflege/parfum/duftnoten/blumige-duefte","Beauty \u0026 Pflege \u003e Haare \u003e Haarpflege":"beauty-pflege/haare/haarpflege","Arzneimittel \u0026 Gesundheit \u003e Magen, Darm \u0026 Verdauung \u003e Magen-Darm-Grippe":"arzneimittel-gesundheit/magen-darm-verdauung/magen-darm-grippe","Vitamine, Sport \u0026 Ernährung \u003e Nahrungsergänzung \u003e Vitamine \u003e Vitamin H":"vitamine-sport-ernaehrung/nahrungsergaenzung/vitamine/vitamin-h","Arzneimittel \u0026 Gesundheit \u003e Homöopathie \u0026 Natur \u003e Aromatherapie":"arzneimittel-gesundheit/homoeopathie-natur/aromatherapie","Arzneimittel \u0026 Gesundheit \u003e Homöopathie \u0026 Natur \u003e Homöopathie \u003e C-Potenzen":"arzneimittel-gesundheit/homoeopathie-natur/homoeopathie/c-potenzen","Tiergesundheit \u0026 Tierbedarf \u003e Pflanzliche \u0026 homöopathische Alternativen":"tiergesundheit-tierbedarf/pflanzliche-homoeopathische-alternativen","Arzneimittel \u0026 Gesundheit \u003e Liebe \u0026 Sexualität \u003e Potenz \u0026 Stimulation":"arzneimittel-gesundheit/liebe-sexualitaet/potenz-stimulation","Beauty \u0026 Pflege \u003e Sonne \u0026 Schutz \u003e für Kinder":"beauty-pflege/sonne-schutz/fuer-kinder","Arzneimittel \u0026 Gesundheit \u003e Auge \u0026 Ohr \u003e Mittelohrentzündung":"arzneimittel-gesundheit/auge-ohr/mittelohrentzuendung","Arzneimittel \u0026 Gesundheit \u003e Erkältung \u0026 Grippe \u003e Fieberthermometer \u0026 Mittel \u003e Ohr Fieberthermometer":"arzneimittel-gesundheit/erkaeltung-grippe/fieberthermometer-mittel/ohr-fieberthermometer","Sanitätshaus \u003e Alltagshilfen \u003e Medikamenteneinnahme":"sanitaetshaus/alltagshilfen/medikamenteneinnahme","Vitamine, Sport \u0026 Ernährung \u003e Sport \u0026 Fitness \u003e Aminosäuren \u003e L-Glutamin":"vitamine-sport-ernaehrung/sport-fitness/aminosaeuren/l-glutamin","Kinder \u0026 Familie \u003e Baby \u0026 Kind \u003e Babynahrung":"kinder-familie/baby-kind/babynahrung","Vitamine, Sport \u0026 Ernährung \u003e Nahrungsergänzung \u003e Kräuter \u0026 Pflanzenextrakte":"vitamine-sport-ernaehrung/nahrungsergaenzung/kruter--pflanzenextrakte","Vitamine, Sport \u0026 Ernährung \u003e Abnehmen \u003e Diätshakes \u0026 Mahlzeitenersatz \u003e Riegel":"vitamine-sport-ernaehrung/abnehmen/diaetshakes-mahlzeitenersatz/riegel","Arzneimittel \u0026 Gesundheit \u003e Hanf \u0026 CBD-Produkte \u003e CBD-Beauty":"arzneimittel-gesundheit/hanf-cbd-produkte/cbd-beauty","Beauty \u0026 Pflege \u003e Beauty- \u0026 Pflegesets":"beauty-pflege/beauty-pflegesets","Arzneimittel \u0026 Gesundheit \u003e Haut, Haare \u0026 Nägel \u003e Wundversorgung":"arzneimittel-gesundheit/haut-haare-naegel/wundversorgung","Kinder \u0026 Familie \u003e Baby \u0026 Kind \u003e Ausstattung für Baby \u0026 Kind \u003e Tragetücher \u0026 Co.":"kinder-familie/baby-kind/ausstattung-fuer-baby-kind/tragetuecher-co","Tiergesundheit \u0026 Tierbedarf":"tiergesundheit-tierbedarf","Bücher \u0026 Ratgeber \u003e Gesundheit \u0026 Wohlfühlen \u003e Fachbücher Psychologie \u003e Allgemeines, Lexika":"buecher-ratgeber/gesundheit-wohlfuehlen/fachbuecher-psychologie/allgemeines-lexika","Tiergesundheit \u0026 Tierbedarf \u003e Kleintiere":"tiergesundheit-tierbedarf/kleintiere","Bücher \u0026 Ratgeber \u003e Gesundheit \u0026 Wohlfühlen \u003e Fachbücher Medizin":"buecher-ratgeber/gesundheit-wohlfuehlen/fachbuecher-medizin","Beauty \u0026 Pflege \u003e Parfum \u003e Damendüfte":"beauty-pflege/parfum/damenduefte","Bücher \u0026 Ratgeber \u003e Gesundheit \u0026 Wohlfühlen \u003e Krankheiten \u003e Diabetesratgeber":"buecher-ratgeber/gesundheit-wohlfuehlen/krankheiten/diabetesratgeber","Vitamine, Sport \u0026 Ernährung \u003e Nahrungsergänzung \u003e Mineralstoffe \u0026 Spurenelemente \u003e Jod":"vitamine-sport-ernaehrung/nahrungsergaenzung/mineralstoffe-spurenelemente/jod","Beauty \u0026 Pflege \u003e Parfum \u003e Nischendüfte":"beauty-pflege/parfum/nischenduefte","Arzneimittel \u0026 Gesundheit \u003e Haus- \u0026 Reiseapotheke \u003e Hausapotheke \u003e Wundheilung":"arzneimittel-gesundheit/haus-reiseapotheke/hausapotheke/wundheilung","Arzneimittel \u0026 Gesundheit \u003e Haus- \u0026 Reiseapotheke \u003e Reiseapotheke \u003e Reise-Set":"arzneimittel-gesundheit/haus-reiseapotheke/reiseapotheke/reise-set","Tiergesundheit \u0026 Tierbedarf \u003e Katzen \u003e Knochen \u0026 Gelenke":"tiergesundheit-tierbedarf/katzen/knochen-gelenke","Bücher \u0026 Ratgeber \u003e Ernährung \u0026 Lifestyle":"buecher-ratgeber/ernaehrung-lifestyle","Arzneimittel \u0026 Gesundheit \u003e Haus- \u0026 Reiseapotheke \u003e Reiseapotheke \u003e Nützliche Reisebegleiter":"arzneimittel-gesundheit/haus-reiseapotheke/reiseapotheke/nuetzliche-reisebegleiter","Arzneimittel \u0026 Gesundheit \u003e Auge \u0026 Ohr \u003e Gereizte \u0026 trockene Augen \u003e Augentropfen":"arzneimittel-gesundheit/auge-ohr/gereizte-trockene-augen/augentropfen","Sanitätshaus \u003e Mobilität \u003e Roller \u0026 Fahrräder":"sanitaetshaus/mobilitaet/roller-fahrraeder","Bücher \u0026 Ratgeber \u003e Gesundheit \u0026 Wohlfühlen \u003e Fachbücher Medizin \u003e Nichtklinische Fächer":"buecher-ratgeber/gesundheit-wohlfuehlen/fachbuecher-medizin/nichtklinische-faecher","Arzneimittel \u0026 Gesundheit \u003e Muskeln, Knochen, Gelenke \u003e Stauchung, Prellung \u0026 Zerrung \u003e Tapes \u0026 Bandagen":"arzneimittel-gesundheit/muskeln-knochen-gelenke/stauchung-prellung-zerrung/tapes-bandagen","Beauty \u0026 Pflege \u003e Make-up \u003e Teint \u003e Sets \u0026 Paletten":"beauty-pflege/make-up/teint/sets-paletten","Beauty \u0026 Pflege \u003e Gesicht \u003e Pflege nach Hautbedürfnis \u003e Für Mischhaut":"beauty-pflege/gesicht/pflege-nach-hautbeduerfnis/fuer-mischhaut","Vitamine, Sport \u0026 Ernährung \u003e Ernährung \u003e Superfood \u003e Gräser \u0026 Samen":"vitamine-sport-ernaehrung/ernaehrung/superfood/graeser-samen","Vitamine, Sport \u0026 Ernährung \u003e Abnehmen \u003e Fettbinder":"vitamine-sport-ernaehrung/abnehmen/fettbinder","Arzneimittel \u0026 Gesundheit \u003e Haus- \u0026 Reiseapotheke \u003e Reiseapotheke":"arzneimittel-gesundheit/haus-reiseapotheke/reiseapotheke","Kinder \u0026 Familie \u003e Baby \u0026 Kind \u003e Schnuller, Flaschen \u0026 Co":"kinder-familie/baby-kind/schnuller-flaschen-co","Arzneimittel \u0026 Gesundheit \u003e Mund- \u0026 Zahngesundheit \u003e Mundpflege \u003e Mundtrockenheit":"arzneimittel-gesundheit/mund-zahngesundheit/mundpflege/mundtrockenheit","Vitamine, Sport \u0026 Ernährung \u003e Ernährung \u003e Superfood \u003e Ashwagandha":"vitamine-sport-ernaehrung/ernaehrung/superfood/ashwagandha","Vitamine, Sport \u0026 Ernährung \u003e Nahrungsergänzung \u003e Enzyme \u003e Verdauungsenzyme":"vitamine-sport-ernaehrung/nahrungsergaenzung/enzyme/verdauungsenzyme","Vitamine, Sport \u0026 Ernährung \u003e Abnehmen":"vitamine-sport-ernaehrung/abnehmen","Bücher \u0026 Ratgeber \u003e Tiergesundheit \u003e Kleintiere":"buecher-ratgeber/tiergesundheit/kleintiere","Arzneimittel \u0026 Gesundheit \u003e Homöopathie \u0026 Natur \u003e Pflanzen- \u0026 Naturtherapie \u003e Mann \u0026 Frau":"arzneimittel-gesundheit/homoeopathie-natur/pflanzen-naturtherapie/mann-frau","Arzneimittel \u0026 Gesundheit \u003e Haut, Haare \u0026 Nägel \u003e An Händen \u0026 Füßen":"arzneimittel-gesundheit/haut-haare-naegel/an-haenden-fuessen","Vitamine, Sport \u0026 Ernährung \u003e Ernährung \u003e Tees":"vitamine-sport-ernaehrung/ernaehrung/tees","Arzneimittel \u0026 Gesundheit \u003e Mund- \u0026 Zahngesundheit \u003e Zahnspangenzubehör":"arzneimittel-gesundheit/mund-zahngesundheit/zahnspangenzubehoer","Arzneimittel \u0026 Gesundheit \u003e Homöopathie \u0026 Natur \u003e Homöopathie \u003e Komplexmittel":"arzneimittel-gesundheit/homoeopathie-natur/homoeopathie/komplexmittel","Sanitätshaus \u003e Bandagen \u003e Sonstiges":"sanitaetshaus/bandagen/sonstiges","Sanitätshaus \u003e Alltagshilfen \u003e Schädlingsbekämpfung":"sanitaetshaus/alltagshilfen/schaedlingsbekaempfung","Arzneimittel \u0026 Gesundheit \u003e Liebe \u0026 Sexualität \u003e Potenz \u0026 Stimulation \u003e Penisring":"arzneimittel-gesundheit/liebe-sexualitaet/potenz-stimulation/penisring","Vitamine, Sport \u0026 Ernährung \u003e Ernährung \u003e Superfood \u003e Aronia":"vitamine-sport-ernaehrung/ernaehrung/superfood/aronia","Arzneimittel \u0026 Gesundheit \u003e Haut, Haare \u0026 Nägel \u003e Wundversorgung \u003e Mull \u0026 Tamponaden":"arzneimittel-gesundheit/haut-haare-naegel/wundversorgung/mull-tamponaden","Arzneimittel \u0026 Gesundheit \u003e Haut, Haare \u0026 Nägel \u003e Neurodermitis \u003e Basispflege \u0026 Reinigung":"arzneimittel-gesundheit/haut-haare-naegel/neurodermitis/basispflege-reinigung","Bücher \u0026 Ratgeber \u003e Gesundheit \u0026 Wohlfühlen \u003e Krankheiten \u003e Allergien \u0026 Nahrungsmittelunverträglichkeiten":"buecher-ratgeber/gesundheit-wohlfuehlen/krankheiten/allergien-nahrungsmittelunvertraeglichkeiten","Vitamine, Sport \u0026 Ernährung \u003e Abnehmen \u003e Kohlenhydratblocker":"vitamine-sport-ernaehrung/abnehmen/kohlenhydratblocker","Arzneimittel \u0026 Gesundheit \u003e Haus- \u0026 Reiseapotheke \u003e Reiseapotheke \u003e Sonnenschutz":"arzneimittel-gesundheit/haus-reiseapotheke/reiseapotheke/sonnenschutz","Vitamine, Sport \u0026 Ernährung \u003e Ernährung \u003e Süßwaren \u0026 Salziges \u003e Frucht- \u0026 Müsliriegel":"vitamine-sport-ernaehrung/ernaehrung/suesswaren-salziges/frucht-muesliriegel","Kinder \u0026 Familie \u003e Baby \u0026 Kind":"kinder-familie/baby-kind","Arzneimittel \u0026 Gesundheit \u003e Auge \u0026 Ohr \u003e Schwindel":"arzneimittel-gesundheit/auge-ohr/schwindel","Arzneimittel \u0026 Gesundheit \u003e Muskeln, Knochen, Gelenke \u003e Arthrose \u0026 Arthritis":"arzneimittel-gesundheit/muskeln-knochen-gelenke/arthrose-arthritis","Beauty \u0026 Pflege \u003e Haare \u003e Nach Haartyp \u003e Trockenes Haar":"beauty-pflege/haare/nach-haartyp/trockenes-haar","Arzneimittel \u0026 Gesundheit \u003e Haus- \u0026 Reiseapotheke \u003e Hausapotheke \u003e Erste Hilfe \u0026 Verbandmittel":"arzneimittel-gesundheit/haus-reiseapotheke/hausapotheke/erste-hilfe-verbandmittel","Beauty \u0026 Pflege \u003e Haare \u003e Haarpflege \u003e Shampoo":"beauty-pflege/haare/haarpflege/shampoo","Arzneimittel \u0026 Gesundheit \u003e Haut, Haare \u0026 Nägel \u003e Herpes":"arzneimittel-gesundheit/haut-haare-naegel/herpes","Bücher \u0026 Ratgeber \u003e Tiergesundheit":"buecher-ratgeber/tiergesundheit","Vitamine, Sport \u0026 Ernährung \u003e Ernährung \u003e Superfood \u003e Hagebutte":"vitamine-sport-ernaehrung/ernaehrung/superfood/hagebutte","Sanitätshaus \u003e Mobilität":"sanitaetshaus/mobilitaet","Arzneimittel \u0026 Gesundheit \u003e Magen, Darm \u0026 Verdauung \u003e Blähungen":"arzneimittel-gesundheit/magen-darm-verdauung/blaehungen","Arzneimittel \u0026 Gesundheit \u003e Schmerzmittel \u003e Regelschmerzen":"arzneimittel-gesundheit/schmerzmittel/regelschmerzen","Vitamine, Sport \u0026 Ernährung \u003e Ernährung \u003e Für Diabetiker \u003e Traubenzucker":"vitamine-sport-ernaehrung/ernaehrung/fuer-diabetiker/traubenzucker","Arzneimittel \u0026 Gesundheit \u003e Herz, Kreislauf \u0026 Gedächtnis \u003e Herz":"arzneimittel-gesundheit/herz-kreislauf-gedaechtnis/herz","Bücher \u0026 Ratgeber \u003e Gesundheit \u0026 Wohlfühlen \u003e Krankheiten \u003e Schmerzmittel":"buecher-ratgeber/gesundheit-wohlfuehlen/krankheiten/schmerzmittel","Kinder \u0026 Familie \u003e Baby \u0026 Kind \u003e Baby- \u0026 Kinderpflege \u003e Baby- \u0026 Kinderhaarbürsten":"kinder-familie/baby-kind/baby-kinderpflege/baby-kinderhaarbuersten","Vitamine, Sport \u0026 Ernährung \u003e Sport \u0026 Fitness \u003e Aminosäuren \u003e BCAA":"vitamine-sport-ernaehrung/sport-fitness/aminosaeuren/bcaa","Arzneimittel \u0026 Gesundheit \u003e Homöopathie \u0026 Natur \u003e Schüßler Salze \u003e Sets \u0026 Kuren":"arzneimittel-gesundheit/homoeopathie-natur/schuessler-salze/sets-kuren","Bücher \u0026 Ratgeber \u003e Familie \u0026 Kinder \u003e Schwangerschaft \u0026 Kinderwunsch":"buecher-ratgeber/familie-kinder/schwangerschaft-kinderwunsch","Beauty \u0026 Pflege \u003e Gesicht \u003e Augenpflege":"beauty-pflege/gesicht/augenpflege","Arzneimittel \u0026 Gesundheit \u003e Homöopathie \u0026 Natur \u003e Bachblüten \u003e Bachblüten-Mischungen":"arzneimittel-gesundheit/homoeopathie-natur/bachblueten/bachblueten-mischungen","Vitamine, Sport \u0026 Ernährung \u003e Sport \u0026 Fitness \u003e Meditation \u0026 Yoga \u003e Yogamatten":"vitamine-sport-ernaehrung/sport-fitness/meditation-yoga/yogamatten","Arzneimittel \u0026 Gesundheit \u003e Mund- \u0026 Zahngesundheit \u003e Zahnpflege \u003e Zahnzwischenraumreinigung":"arzneimittel-gesundheit/mund-zahngesundheit/zahnpflege/zahnzwischenraumreinigung","Arzneimittel \u0026 Gesundheit \u003e Liebe \u0026 Sexualität \u003e Vibratoren":"arzneimittel-gesundheit/liebe-sexualitaet/vibratoren","Vitamine, Sport \u0026 Ernährung \u003e Ernährung \u003e Superfood \u003e Superfood-Mixe":"vitamine-sport-ernaehrung/ernaehrung/superfood/superfood-mixe","Vitamine, Sport \u0026 Ernährung \u003e Ernährung \u003e Superfood \u003e Schwarzkümmel":"vitamine-sport-ernaehrung/ernaehrung/superfood/schwarzkuemmel","Arzneimittel \u0026 Gesundheit \u003e Herz, Kreislauf \u0026 Gedächtnis":"arzneimittel-gesundheit/herz-kreislauf-gedaechtnis","Bücher \u0026 Ratgeber \u003e Lebensführung \u003e Spiritualität \u003e Lebensdeutung":"buecher-ratgeber/lebensfuehrung/spiritualitaet/lebensdeutung","Arzneimittel \u0026 Gesundheit \u003e Haut, Haare \u0026 Nägel \u003e Pilzerkrankungen":"arzneimittel-gesundheit/haut-haare-naegel/pilzerkrankungen","Tiergesundheit \u0026 Tierbedarf \u003e Vögel":"tiergesundheit-tierbedarf/voegel","Beauty \u0026 Pflege \u003e Make-up \u003e Pinsel \u0026 Co. \u003e Pinselsets":"beauty-pflege/make-up/pinsel-co/pinselsets","Arzneimittel \u0026 Gesundheit \u003e Mund- \u0026 Zahngesundheit \u003e Mundpflege \u003e Mundsoor":"arzneimittel-gesundheit/mund-zahngesundheit/mundpflege/mundsoor","Beauty \u0026 Pflege \u003e Naturkosmetik \u003e Gesicht \u003e Sonne \u0026 Schutz":"beauty-pflege/naturkosmetik/gesicht/sonne-schutz","Bücher \u0026 Ratgeber \u003e Gesundheit \u0026 Wohlfühlen \u003e Krankheiten \u003e Zähne \u0026 Mund":"buecher-ratgeber/gesundheit-wohlfuehlen/krankheiten/zaehne-mund","Arzneimittel \u0026 Gesundheit \u003e Allergie \u003e Kombi-Präparate":"arzneimittel-gesundheit/allergie/kombi-praeparate","Beauty \u0026 Pflege \u003e Gesicht \u003e Gesichtspflege für Männer \u003e Rasierer \u0026 Trimmer":"beauty-pflege/gesicht/gesichtspflege-fuer-maenner/rasierer-trimmer","Vitamine, Sport \u0026 Ernährung \u003e Ernährung \u003e Spezialnahrung":"vitamine-sport-ernaehrung/ernaehrung/spezialnahrung","Sanitätshaus \u003e Bandagen \u003e Fußbandagen":"sanitaetshaus/bandagen/fussbandagen","Bücher \u0026 Ratgeber \u003e Lebensführung \u003e Spiritualität \u003e Astrologie, Kosmos":"buecher-ratgeber/lebensfuehrung/spiritualitaet/astrologie-kosmos","Beauty \u0026 Pflege \u003e Haare \u003e Haarfarben \u003e Haartönung":"beauty-pflege/haare/haarfarben/haartoenung","Beauty \u0026 Pflege \u003e Make-up \u003e Teint \u003e Concealer":"beauty-pflege/make-up/teint/concealer","Beauty \u0026 Pflege \u003e Gesicht \u003e K-Beauty":"beauty-pflege/gesicht/k-beauty","Vitamine, Sport \u0026 Ernährung \u003e Ernährung \u003e Superfood \u003e Kurkuma":"vitamine-sport-ernaehrung/ernaehrung/superfood/kurkuma","Arzneimittel \u0026 Gesundheit \u003e Diabetes \u003e Insulinspritzen \u0026 Pens \u003e Insulinspritzen":"arzneimittel-gesundheit/diabetes/insulinspritzen-pens/insulinspritzen","Arzneimittel \u0026 Gesundheit \u003e Allergie \u003e Allergie Hautbehandlung":"arzneimittel-gesundheit/allergie/allergie-hautbehandlung","Bücher \u0026 Ratgeber \u003e Gesundheit \u0026 Wohlfühlen \u003e Krankheiten \u003e Hauterkrankungen \u0026 Hautverletzungen":"buecher-ratgeber/gesundheit-wohlfuehlen/krankheiten/hauterkrankungen-hautverletzungen","Bücher \u0026 Ratgeber \u003e Lebensführung \u003e Spiritualität \u003e Esoterik":"buecher-ratgeber/lebensfuehrung/spiritualitaet/esoterik","Arzneimittel \u0026 Gesundheit \u003e Muskeln, Knochen, Gelenke \u003e Wärme- und Kältetherapie":"arzneimittel-gesundheit/muskeln-knochen-gelenke/waerme-und-kaeltetherapie","Bücher \u0026 Ratgeber \u003e Familie \u0026 Kinder \u003e Baby-, Kinder- \u0026 Jugendbücher \u003e Jugendbücher ab 12 Jahre":"buecher-ratgeber/familie-kinder/baby-kinder-jugendbuecher/jugendbuecher-ab-12-jahre","Arzneimittel \u0026 Gesundheit \u003e Männergesundheit \u003e Prostata":"arzneimittel-gesundheit/maennergesundheit/prostata","Arzneimittel \u0026 Gesundheit \u003e Erkältung \u0026 Grippe \u003e Vorbeugen \u0026 Abwehr stärken \u003e Hygiene \u0026 Desinfektion":"arzneimittel-gesundheit/erkaeltung-grippe/vorbeugen-abwehr-staerken/hygiene-desinfektion","Arzneimittel \u0026 Gesundheit \u003e Haut, Haare \u0026 Nägel \u003e Wundversorgung \u003e Tupfer \u0026 Kompressen":"arzneimittel-gesundheit/haut-haare-naegel/wundversorgung/tupfer-kompressen","Arzneimittel \u0026 Gesundheit \u003e Diabetes \u003e Blutzucker messen \u003e Messgeräte":"arzneimittel-gesundheit/diabetes/blutzucker-messen/messgeraete","Arzneimittel \u0026 Gesundheit \u003e Raucherentwöhnung \u003e Gewichtsmanagement \u003e Appetitzügler":"arzneimittel-gesundheit/raucherentwoehnung/gewichtsmanagement/appetitzuegler","Vitamine, Sport \u0026 Ernährung \u003e Nahrungsergänzung \u003e Vitamine":"vitamine-sport-ernaehrung/nahrungsergaenzung/vitamine","Beauty \u0026 Pflege \u003e Make-up \u003e Teint \u003e Puder":"beauty-pflege/make-up/teint/puder","Vitamine, Sport \u0026 Ernährung \u003e Abnehmen \u003e Natürlich Abnehmen":"vitamine-sport-ernaehrung/abnehmen/natuerlich-abnehmen","Beauty \u0026 Pflege \u003e Naturkosmetik \u003e Gesicht \u003e Gesichtsserum \u0026 Masken":"beauty-pflege/naturkosmetik/gesicht/gesichtsserum-masken","Kinder \u0026 Familie \u003e Baby \u0026 Kind \u003e Zahnen":"kinder-familie/baby-kind/zahnen","Arzneimittel \u0026 Gesundheit \u003e Allergie \u003e Allergie Nasenbehandlung":"arzneimittel-gesundheit/allergie/allergie-nasenbehandlung","Arzneimittel \u0026 Gesundheit \u003e Diabetes \u003e Teststreifen":"arzneimittel-gesundheit/diabetes/teststreifen","Vitamine, Sport \u0026 Ernährung \u003e Ernährung \u003e Süßungsmittel \u003e Xylitol":"vitamine-sport-ernaehrung/ernaehrung/suessungsmittel/xylitol","Arzneimittel \u0026 Gesundheit \u003e Homöopathie \u0026 Natur":"arzneimittel-gesundheit/homoeopathie-natur","Beauty \u0026 Pflege \u003e Make-up \u003e Lippen \u003e Lipgloss":"beauty-pflege/make-up/lippen/lipgloss","Bücher \u0026 Ratgeber \u003e Lebensführung \u003e Lebenshilfe \u0026 Alltag \u003e Praktische Anleitungen":"buecher-ratgeber/lebensfuehrung/lebenshilfe-alltag/praktische-anleitungen","Beauty \u0026 Pflege \u003e Haare \u003e Haarpflege \u003e Conditioner":"beauty-pflege/haare/haarpflege/conditioner","Vitamine, Sport \u0026 Ernährung \u003e Nahrungsergänzung \u003e Kräuter \u0026 Pflanzenextrakte \u003e Artischockenextrakt":"vitamine-sport-ernaehrung/nahrungsergaenzung/kruter--pflanzenextrakte/artischockenextrakt","Bücher \u0026 Ratgeber \u003e Familie \u0026 Kinder \u003e Baby-, Kinder- \u0026 Jugendbücher \u003e Bilderbücher":"buecher-ratgeber/familie-kinder/baby-kinder-jugendbuecher/bilderbuecher","Arzneimittel \u0026 Gesundheit \u003e Blase, Niere \u0026 Prostata \u003e Inkontinenz":"arzneimittel-gesundheit/blase-niere-prostata/inkontinenz","Arzneimittel \u0026 Gesundheit \u003e Männergesundheit \u003e Vitamine \u0026 Gesundheit":"arzneimittel-gesundheit/maennergesundheit/vitamine-gesundheit","Arzneimittel \u0026 Gesundheit \u003e Herz, Kreislauf \u0026 Gedächtnis \u003e Geistige Leistungskraft":"arzneimittel-gesundheit/herz-kreislauf-gedaechtnis/geistige-leistungskraft","Arzneimittel \u0026 Gesundheit \u003e Herz, Kreislauf \u0026 Gedächtnis \u003e Kreislaufbeschwerden":"arzneimittel-gesundheit/herz-kreislauf-gedaechtnis/kreislaufbeschwerden","Beauty \u0026 Pflege \u003e Haare \u003e Nach Haartyp \u003e Coloriertes Haar":"beauty-pflege/haare/nach-haartyp/coloriertes-haar","Beauty \u0026 Pflege \u003e Parfum \u003e Refills":"beauty-pflege/parfum/refills","Arzneimittel \u0026 Gesundheit \u003e Haus- \u0026 Reiseapotheke \u003e Hausapotheke":"arzneimittel-gesundheit/haus-reiseapotheke/hausapotheke","Arzneimittel \u0026 Gesundheit \u003e Haus- \u0026 Reiseapotheke \u003e Hausapotheke \u003e Pinzetten, Scheren \u0026 Feilen":"arzneimittel-gesundheit/haus-reiseapotheke/hausapotheke/pinzetten-scheren-feilen","Arzneimittel \u0026 Gesundheit \u003e Mund- \u0026 Zahngesundheit \u003e Kinderzahnpflege \u003e Fluor":"arzneimittel-gesundheit/mund-zahngesundheit/kinderzahnpflege/fluor","Beauty \u0026 Pflege \u003e Haare \u003e Haarfarben":"beauty-pflege/haare/haarfarben","Bücher \u0026 Ratgeber \u003e Gesundheit \u0026 Wohlfühlen \u003e Krankheiten \u003e Demenz":"buecher-ratgeber/gesundheit-wohlfuehlen/krankheiten/demenz","Vitamine, Sport \u0026 Ernährung \u003e Ernährung \u003e Süßwaren \u0026 Salziges \u003e Beef Jerky":"vitamine-sport-ernaehrung/ernaehrung/suesswaren-salziges/beef-jerky","Vitamine, Sport \u0026 Ernährung \u003e Sport \u0026 Fitness \u003e Muskelaufbau \u0026 Protein \u003e Casein":"vitamine-sport-ernaehrung/sport-fitness/muskelaufbau-protein/casein","Beauty \u0026 Pflege \u003e Haare \u003e Haarstyling \u0026 Stylingtools":"beauty-pflege/haare/haarstyling-stylingtools","Arzneimittel \u0026 Gesundheit \u003e Allergie \u003e Heuschnupfen":"arzneimittel-gesundheit/allergie/heuschnupfen","Kinder \u0026 Familie \u003e Baby \u0026 Kind \u003e Baby- \u0026 Kinderpflege \u003e Baby- \u0026 Kindernagelpflege":"kinder-familie/baby-kind/baby-kinderpflege/baby-kindernagelpflege","Arzneimittel \u0026 Gesundheit \u003e Haut, Haare \u0026 Nägel \u003e Wundheilung \u003e Verbrennungen":"arzneimittel-gesundheit/haut-haare-naegel/wundheilung/verbrennungen","Arzneimittel \u0026 Gesundheit \u003e Beruhigung, Schlaf \u0026 Stress \u003e Stimmungsaufheller":"arzneimittel-gesundheit/beruhigung-schlaf-stress/stimmungsaufheller","Bücher \u0026 Ratgeber \u003e Ernährung \u0026 Lifestyle \u003e Ernährung \u003e Diät":"buecher-ratgeber/ernaehrung-lifestyle/ernaehrung/diaet","Vitamine, Sport \u0026 Ernährung \u003e Sport \u0026 Fitness \u003e Muskelaufbau \u0026 Protein \u003e Kollagen Protein":"vitamine-sport-ernaehrung/sport-fitness/muskelaufbau-protein/kollagen-protein","Vitamine, Sport \u0026 Ernährung \u003e Nahrungsergänzung \u003e Mineralstoffe \u0026 Spurenelemente \u003e Kalium":"vitamine-sport-ernaehrung/nahrungsergaenzung/mineralstoffe-spurenelemente/kalium","Arzneimittel \u0026 Gesundheit \u003e Mund- \u0026 Zahngesundheit \u003e Mundpflege \u003e Zungenreinigung":"arzneimittel-gesundheit/mund-zahngesundheit/mundpflege/zungenreinigung","Vitamine, Sport \u0026 Ernährung \u003e Ernährung \u003e Säfte":"vitamine-sport-ernaehrung/ernaehrung/saefte","Sanitätshaus \u003e Pflegebedarf \u0026 Haushalt \u003e Haushalt \u0026 Hygiene \u003e Reinigungsmittel \u0026 -tücher":"sanitaetshaus/pflegebedarf-haushalt/haushalt-hygiene/reinigungsmittel-tuecher","Arzneimittel \u0026 Gesundheit \u003e Mund- \u0026 Zahngesundheit \u003e Zahnpflege \u003e Zahnseide und -wachs":"arzneimittel-gesundheit/mund-zahngesundheit/zahnpflege/zahnseide-und-wachs","Kinder \u0026 Familie \u003e Stillzeit \u0026 Wochenbett \u003e Vitamine in der Stillzeit":"kinder-familie/stillzeit-wochenbett/vitamine-in-der-stillzeit","Bücher \u0026 Ratgeber \u003e Gesundheit \u0026 Wohlfühlen \u003e Fachbücher Medizin \u003e Ganzheitsmedizin":"buecher-ratgeber/gesundheit-wohlfuehlen/fachbuecher-medizin/ganzheitsmedizin","Beauty \u0026 Pflege \u003e Make-up \u003e Pinsel \u0026 Co. \u003e Wimpernzange":"beauty-pflege/make-up/pinsel-co/wimpernzange","Vitamine, Sport \u0026 Ernährung \u003e Nahrungsergänzung \u003e Fettsäuren \u003e Omega 3":"vitamine-sport-ernaehrung/nahrungsergaenzung/fettsaeuren/omega-3","Arzneimittel \u0026 Gesundheit \u003e Erkältung \u0026 Grippe \u003e Fieberthermometer \u0026 Mittel \u003e Fiebersenkende Mittel":"arzneimittel-gesundheit/erkaeltung-grippe/fieberthermometer-mittel/fiebersenkende-mittel","Vitamine, Sport \u0026 Ernährung \u003e Ernährung \u003e Spezialnahrung \u003e Hochkalorische Nahrung":"vitamine-sport-ernaehrung/ernaehrung/spezialnahrung/hochkalorische-nahrung","Arzneimittel \u0026 Gesundheit \u003e Frauengesundheit":"arzneimittel-gesundheit/frauengesundheit","Vitamine, Sport \u0026 Ernährung \u003e Sport \u0026 Fitness \u003e Meditation \u0026 Yoga \u003e Yogablöcke":"vitamine-sport-ernaehrung/sport-fitness/meditation-yoga/yogabloecke","Bücher \u0026 Ratgeber \u003e Gesundheit \u0026 Wohlfühlen \u003e Krankheiten \u003e Psychische Krankheiten":"buecher-ratgeber/gesundheit-wohlfuehlen/krankheiten/psychische-krankheiten","Bücher \u0026 Ratgeber \u003e Gesundheit \u0026 Wohlfühlen \u003e Fachbücher Medizin \u003e Allgemeines":"buecher-ratgeber/gesundheit-wohlfuehlen/fachbuecher-medizin/allgemeines","Vitamine, Sport \u0026 Ernährung \u003e Nahrungsergänzung \u003e Mineralstoffe \u0026 Spurenelemente \u003e weitere Mineralstoffe":"vitamine-sport-ernaehrung/nahrungsergaenzung/mineralstoffe-spurenelemente/weitere-mineralstoffe","Arzneimittel \u0026 Gesundheit \u003e Homöopathie \u0026 Natur \u003e Schüßler Salze \u003e Salben \u0026 Cremes":"arzneimittel-gesundheit/homoeopathie-natur/schuessler-salze/salben-cremes","Arzneimittel \u0026 Gesundheit \u003e Haut, Haare \u0026 Nägel \u003e Wundversorgung \u003e Erste-Hilfe-Sets":"arzneimittel-gesundheit/haut-haare-naegel/wundversorgung/erste-hilfe-sets","Bücher \u0026 Ratgeber \u003e Ernährung \u0026 Lifestyle \u003e Ernährung \u003e Allgemeine Kochbücher, Grundkochbücher":"buecher-ratgeber/ernaehrung-lifestyle/ernaehrung/allgemeine-kochbuecher-grundkochbuecher","Beauty \u0026 Pflege \u003e Naturkosmetik":"beauty-pflege/naturkosmetik","Arzneimittel \u0026 Gesundheit \u003e Haus- \u0026 Reiseapotheke \u003e Hausapotheke \u003e Desinfektionsmittel":"arzneimittel-gesundheit/haus-reiseapotheke/hausapotheke/desinfektionsmittel","Bücher \u0026 Ratgeber \u003e Familie \u0026 Kinder \u003e Baby-, Kinder- \u0026 Jugendbücher \u003e Vorlesebücher 2-6":"buecher-ratgeber/familie-kinder/baby-kinder-jugendbuecher/vorlesebuecher-2-6","Arzneimittel \u0026 Gesundheit \u003e Erkältung \u0026 Grippe \u003e Heiserkeit":"arzneimittel-gesundheit/erkaeltung-grippe/heiserkeit","Arzneimittel \u0026 Gesundheit \u003e Liebe \u0026 Sexualität \u003e Gleitgele":"arzneimittel-gesundheit/liebe-sexualitaet/gleitgele","Bücher \u0026 Ratgeber \u003e Gesundheit \u0026 Wohlfühlen \u003e Für Männer":"buecher-ratgeber/gesundheit-wohlfuehlen/fuer-maenner","Vitamine, Sport \u0026 Ernährung \u003e Ernährung \u003e Vegane Ernährung \u003e Vegane Nahrungsergänzung":"vitamine-sport-ernaehrung/ernaehrung/vegane-ernaehrung/vegane-nahrungsergaenzung","Arzneimittel \u0026 Gesundheit \u003e Erkältung \u0026 Grippe \u003e Erkältungsbad":"arzneimittel-gesundheit/erkaeltung-grippe/erkaeltungsbad","Arzneimittel \u0026 Gesundheit \u003e Blase, Niere \u0026 Prostata \u003e Blase \u003e Blasengesundheit":"arzneimittel-gesundheit/blase-niere-prostata/blase/blasengesundheit","Vitamine, Sport \u0026 Ernährung \u003e Ernährung \u003e Süßwaren \u0026 Salziges \u003e Lakritz \u0026 Salmiak":"vitamine-sport-ernaehrung/ernaehrung/suesswaren-salziges/lakritz-salmiak","Beauty \u0026 Pflege \u003e Make-up \u003e Nägel \u003e Nagelpflege":"beauty-pflege/make-up/naegel/nagelpflege","Bücher \u0026 Ratgeber \u003e Ernährung \u0026 Lifestyle \u003e Ernährung \u003e Allgemeines, Lexika, Tabellen":"buecher-ratgeber/ernaehrung-lifestyle/ernaehrung/allgemeines-lexika-tabellen","Beauty \u0026 Pflege \u003e Haare \u003e Nach Haartyp \u003e Strapaziertes \u0026 brüchiges Haar":"beauty-pflege/haare/nach-haartyp/strapaziertes-bruechiges-haar","Arzneimittel \u0026 Gesundheit \u003e Erkältung \u0026 Grippe \u003e Pflanzlich \u0026 Homöopathisch":"arzneimittel-gesundheit/erkaeltung-grippe/pflanzlich-homoeopathisch","Beauty \u0026 Pflege \u003e Körper \u003e Fußpflege":"beauty-pflege/koerper/fusspflege","Kinder \u0026 Familie \u003e Baby \u0026 Kind \u003e Blähungen \u0026 Koliken":"kinder-familie/baby-kind/blaehungen-koliken","Arzneimittel \u0026 Gesundheit \u003e Mund- \u0026 Zahngesundheit \u003e Zahnpflege \u003e Aufbissschiene":"arzneimittel-gesundheit/mund-zahngesundheit/zahnpflege/aufbissschiene","Vitamine, Sport \u0026 Ernährung \u003e Sport \u0026 Fitness \u003e Meditation \u0026 Yoga \u003e Yogazubehör":"vitamine-sport-ernaehrung/sport-fitness/meditation-yoga/yogazubehoer","Arzneimittel \u0026 Gesundheit \u003e Beruhigung, Schlaf \u0026 Stress \u003e Schlafmittel \u003e Schlaftabletten \u0026 Sonstiges":"arzneimittel-gesundheit/beruhigung-schlaf-stress/schlafmittel/schlaftabletten-sonstiges","Bücher \u0026 Ratgeber \u003e Gesundheit \u0026 Wohlfühlen \u003e Fachbücher Medizin \u003e Veterinärmedizin":"buecher-ratgeber/gesundheit-wohlfuehlen/fachbuecher-medizin/veterinaermedizin","Sanitätshaus \u003e Inkontinenz \u003e Vorlagen":"sanitaetshaus/inkontinenz/vorlagen","Beauty \u0026 Pflege \u003e Naturkosmetik \u003e Körper":"beauty-pflege/naturkosmetik/koerper","Beauty \u0026 Pflege \u003e Make-up \u003e Augen \u003e Lidschatten":"beauty-pflege/make-up/augen/lidschatten","Beauty \u0026 Pflege \u003e Naturkosmetik \u003e Körper \u003e Hand-, Fuß- und Nagelpflege":"beauty-pflege/naturkosmetik/koerper/hand-fuss-und-nagelpflege","Bücher \u0026 Ratgeber \u003e Tiergesundheit \u003e Hund":"buecher-ratgeber/tiergesundheit/hund","Arzneimittel \u0026 Gesundheit \u003e Erkältung \u0026 Grippe \u003e Fieberthermometer \u0026 Mittel \u003e Stirn Fieberthermometer":"arzneimittel-gesundheit/erkaeltung-grippe/fieberthermometer-mittel/stirn-fieberthermometer","Beauty \u0026 Pflege \u003e Make-up \u003e Teint \u003e Primer":"beauty-pflege/make-up/teint/primer","Kinder \u0026 Familie \u003e Stillzeit \u0026 Wochenbett \u003e Stillhilfen \u0026 Pumpen":"kinder-familie/stillzeit-wochenbett/stillhilfen-pumpen","Bücher \u0026 Ratgeber \u003e Ernährung \u0026 Lifestyle \u003e Lifestyle":"buecher-ratgeber/ernaehrung-lifestyle/lifestyle","Beauty \u0026 Pflege \u003e Gesicht \u003e Pflege nach Hautbedürfnis":"beauty-pflege/gesicht/pflege-nach-hautbeduerfnis","Beauty \u0026 Pflege \u003e Make-up \u003e Augen \u003e Wimpern":"beauty-pflege/make-up/augen/wimpern","Bücher \u0026 Ratgeber \u003e Familie \u0026 Kinder \u003e Baby-, Kinder- \u0026 Jugendbücher \u003e Erstlesealter, Vorschulalter":"buecher-ratgeber/familie-kinder/baby-kinder-jugendbuecher/erstlesealter-vorschulalter","Bücher \u0026 Ratgeber \u003e Gesundheit \u0026 Wohlfühlen \u003e Fachbücher Psychologie":"buecher-ratgeber/gesundheit-wohlfuehlen/fachbuecher-psychologie","Vitamine, Sport \u0026 Ernährung \u003e Nahrungsergänzung \u003e Mineralstoffe \u0026 Spurenelemente \u003e Kieselerde":"vitamine-sport-ernaehrung/nahrungsergaenzung/mineralstoffe-spurenelemente/kieselerde","Beauty \u0026 Pflege \u003e Make-up \u003e Teint \u003e Highlighter":"beauty-pflege/make-up/teint/highlighter","Beauty \u0026 Pflege \u003e Gesicht \u003e Pflege nach Inhaltsstoffen \u003e Retinol":"beauty-pflege/gesicht/pflege-nach-inhaltsstoffen/retinol","Sanitätshaus \u003e Alltagshilfen":"sanitaetshaus/alltagshilfen","Bücher \u0026 Ratgeber \u003e Gesundheit \u0026 Wohlfühlen":"buecher-ratgeber/gesundheit-wohlfuehlen","Arzneimittel \u0026 Gesundheit \u003e Haut, Haare \u0026 Nägel \u003e An Händen \u0026 Füßen \u003e Blasen":"arzneimittel-gesundheit/haut-haare-naegel/an-haenden-fuessen/blasen","Arzneimittel \u0026 Gesundheit \u003e Raucherentwöhnung":"arzneimittel-gesundheit/raucherentwoehnung","Arzneimittel \u0026 Gesundheit \u003e Erkältung \u0026 Grippe \u003e Schnupfen \u0026 Nasennebenhöhlenentzündung \u003e Schleimlöser":"arzneimittel-gesundheit/erkaeltung-grippe/schnupfen-nasennebenhoehlenentzuendung/schleimloeser","Vitamine, Sport \u0026 Ernährung \u003e Ernährung \u003e Für Diabetiker":"vitamine-sport-ernaehrung/ernaehrung/fuer-diabetiker","Beauty \u0026 Pflege \u003e Make-up \u003e Augen \u003e Eyeliner":"beauty-pflege/make-up/augen/eyeliner","Arzneimittel \u0026 Gesundheit \u003e Raucherentwöhnung \u003e Gewichtsmanagement \u003e Shakes":"arzneimittel-gesundheit/raucherentwoehnung/gewichtsmanagement/shakes","Beauty \u0026 Pflege \u003e Naturkosmetik \u003e Gesicht \u003e Gesichtspflege für Herren":"beauty-pflege/naturkosmetik/gesicht/gesichtspflege-fuer-herren","Arzneimittel \u0026 Gesundheit \u003e Diabetes \u003e Diabetiker Fuß- \u0026 Hautpflege \u003e Fußpflege":"arzneimittel-gesundheit/diabetes/diabetiker-fuss-hautpflege/fusspflege","Arzneimittel \u0026 Gesundheit \u003e Blase, Niere \u0026 Prostata":"arzneimittel-gesundheit/blase-niere-prostata","Arzneimittel \u0026 Gesundheit \u003e Schmerzmittel \u003e Rückenschmerzen":"arzneimittel-gesundheit/schmerzmittel/rueckenschmerzen","Arzneimittel \u0026 Gesundheit \u003e Raucherentwöhnung \u003e Gewichtsmanagement \u003e Drink":"arzneimittel-gesundheit/raucherentwoehnung/gewichtsmanagement/drink","Arzneimittel \u0026 Gesundheit \u003e Haut, Haare \u0026 Nägel \u003e Wundheilung \u003e Wund- \u0026 Heilsalben":"arzneimittel-gesundheit/haut-haare-naegel/wundheilung/wund-heilsalben","Vitamine, Sport \u0026 Ernährung \u003e Sport \u0026 Fitness \u003e Meditation \u0026 Yoga \u003e Meditationszubehör":"vitamine-sport-ernaehrung/sport-fitness/meditation-yoga/meditationszubehoer","Beauty \u0026 Pflege \u003e Parfum \u003e Duftnoten \u003e Würzige Düfte":"beauty-pflege/parfum/duftnoten/wuerzige-duefte","Arzneimittel \u0026 Gesundheit \u003e Auge \u0026 Ohr \u003e Pflanzliche Augenprodukte":"arzneimittel-gesundheit/auge-ohr/pflanzliche-augenprodukte","Bücher \u0026 Ratgeber \u003e Gesundheit \u0026 Wohlfühlen \u003e Für Frauen":"buecher-ratgeber/gesundheit-wohlfuehlen/fuer-frauen","Arzneimittel \u0026 Gesundheit \u003e Beruhigung, Schlaf \u0026 Stress":"arzneimittel-gesundheit/beruhigung-schlaf-stress","Bücher \u0026 Ratgeber \u003e Familie \u0026 Kinder \u003e Familienratgeber":"buecher-ratgeber/familie-kinder/familienratgeber","Beauty \u0026 Pflege \u003e Make-up \u003e Teint":"beauty-pflege/make-up/teint","Vitamine, Sport \u0026 Ernährung \u003e Nahrungsergänzung \u003e Vitamine \u003e Vitamin E":"vitamine-sport-ernaehrung/nahrungsergaenzung/vitamine/vitamin-e","Arzneimittel \u0026 Gesundheit \u003e Muskeln, Knochen, Gelenke":"arzneimittel-gesundheit/muskeln-knochen-gelenke","Vitamine, Sport \u0026 Ernährung \u003e Ernährung \u003e Süßwaren \u0026 Salziges \u003e Schokolade":"vitamine-sport-ernaehrung/ernaehrung/suesswaren-salziges/schokolade","Sanitätshaus \u003e Alltagshilfen \u003e Lese- \u0026 Sehhilfen":"sanitaetshaus/alltagshilfen/lese-sehhilfen","Sanitätshaus \u003e Pflegebedarf \u0026 Haushalt \u003e Haushalt \u0026 Hygiene \u003e Desinfektion":"sanitaetshaus/pflegebedarf-haushalt/haushalt-hygiene/desinfektion","Arzneimittel \u0026 Gesundheit \u003e Mund- \u0026 Zahngesundheit \u003e Kinderzahnpflege \u003e Kinderzahnpasta":"arzneimittel-gesundheit/mund-zahngesundheit/kinderzahnpflege/kinderzahnpasta","Sanitätshaus \u003e Inkontinenz \u003e Windeln \u0026 Schutzhosen":"sanitaetshaus/inkontinenz/windeln-schutzhosen","Arzneimittel \u0026 Gesundheit \u003e Erkältung \u0026 Grippe \u003e Fieberthermometer \u0026 Mittel \u003e Mund Fieberthermometer":"arzneimittel-gesundheit/erkaeltung-grippe/fieberthermometer-mittel/mund-fieberthermometer","Arzneimittel \u0026 Gesundheit \u003e Erkältung \u0026 Grippe \u003e Einreiben \u0026 Inhalieren":"arzneimittel-gesundheit/erkaeltung-grippe/einreiben-inhalieren","Kinder \u0026 Familie \u003e Schwangerschaft \u003e Schwangerschaftsbeschwerden":"kinder-familie/schwangerschaft/schwangerschaftsbeschwerden","Arzneimittel \u0026 Gesundheit \u003e Selbsttests":"arzneimittel-gesundheit/selbsttests","Vitamine, Sport \u0026 Ernährung \u003e Ernährung \u003e Glutenfreie Lebensmittel":"vitamine-sport-ernaehrung/ernaehrung/glutenfreie-lebensmittel","Arzneimittel \u0026 Gesundheit \u003e Haus- \u0026 Reiseapotheke \u003e Reiseapotheke \u003e Erkältung":"arzneimittel-gesundheit/haus-reiseapotheke/reiseapotheke/erkaeltung","Arzneimittel \u0026 Gesundheit \u003e Haut, Haare \u0026 Nägel \u003e Pilzerkrankungen \u003e Soor":"arzneimittel-gesundheit/haut-haare-naegel/pilzerkrankungen/soor","Bücher \u0026 Ratgeber \u003e Lebensführung \u003e Lebenshilfe \u0026 Alltag \u003e Tod \u0026 Trauer":"buecher-ratgeber/lebensfuehrung/lebenshilfe-alltag/tod-trauer","Arzneimittel \u0026 Gesundheit \u003e Allergie \u003e Zum Einnehmen":"arzneimittel-gesundheit/allergie/zum-einnehmen","Beauty \u0026 Pflege \u003e Naturkosmetik \u003e Körper \u003e Körperpflege":"beauty-pflege/naturkosmetik/koerper/koerperpflege","Arzneimittel \u0026 Gesundheit \u003e Magen, Darm \u0026 Verdauung \u003e Verstopfung und Darmträgheit":"arzneimittel-gesundheit/magen-darm-verdauung/verstopfung-und-darmtraegheit","Arzneimittel \u0026 Gesundheit \u003e Allergie \u003e Antiallergikum nach Wirkstoff \u003e Levocetirizin":"arzneimittel-gesundheit/allergie/antiallergikum-nach-wirkstoff/levocetirizin","Vitamine, Sport \u0026 Ernährung \u003e Sport \u0026 Fitness \u003e Fitnessgeräte":"vitamine-sport-ernaehrung/sport-fitness/fitnessgeraete","Tiergesundheit \u0026 Tierbedarf \u003e Katzen":"tiergesundheit-tierbedarf/katzen","Arzneimittel \u0026 Gesundheit \u003e Haut, Haare \u0026 Nägel \u003e An Händen \u0026 Füßen \u003e Hühneraugen, Druckstellen \u0026 Hornhaut":"arzneimittel-gesundheit/haut-haare-naegel/an-haenden-fuessen/huehneraugen-druckstellen-hornhaut","Arzneimittel \u0026 Gesundheit \u003e Erkältung \u0026 Grippe \u003e Halsschmerzen \u003e betäubend":"arzneimittel-gesundheit/erkaeltung-grippe/halsschmerzen/betaeubend","Beauty \u0026 Pflege \u003e Make-up \u003e Augen \u003e Augenmake-up Entferner":"beauty-pflege/make-up/augen/augenmake-up-entferner","Arzneimittel \u0026 Gesundheit \u003e Diabetes \u003e Diabetische Begleiterkrankung \u003e Neuropathien":"arzneimittel-gesundheit/diabetes/diabetische-begleiterkrankung/neuropathien","Bücher \u0026 Ratgeber \u003e Gesundheit \u0026 Wohlfühlen \u003e Krankheiten \u003e Muskeln, Knochen \u0026 Gelenke":"buecher-ratgeber/gesundheit-wohlfuehlen/krankheiten/muskeln-knochen-and-gelenke","Bücher \u0026 Ratgeber \u003e Gesundheit \u0026 Wohlfühlen \u003e Fachbücher Medizin \u003e Zahnheilkunde":"buecher-ratgeber/gesundheit-wohlfuehlen/fachbuecher-medizin/zahnheilkunde","Vitamine, Sport \u0026 Ernährung \u003e Sport \u0026 Fitness \u003e Fitnessgeräte \u003e Körperformung":"vitamine-sport-ernaehrung/sport-fitness/fitnessgeraete/koerperformung","Arzneimittel \u0026 Gesundheit \u003e Männergesundheit":"arzneimittel-gesundheit/maennergesundheit","Vitamine, Sport \u0026 Ernährung \u003e Nahrungsergänzung \u003e Mineralstoffe \u0026 Spurenelemente \u003e Mineralstoffkombinationen":"vitamine-sport-ernaehrung/nahrungsergaenzung/mineralstoffe-spurenelemente/mineralstoffkombinationen","Vitamine, Sport \u0026 Ernährung \u003e Sport \u0026 Fitness \u003e Muskelaufbau \u0026 Protein":"vitamine-sport-ernaehrung/sport-fitness/muskelaufbau-protein","Arzneimittel \u0026 Gesundheit \u003e Haut, Haare \u0026 Nägel \u003e An Händen \u0026 Füßen \u003e Nagelpilz":"arzneimittel-gesundheit/haut-haare-naegel/an-haenden-fuessen/nagelpilz","Vitamine, Sport \u0026 Ernährung \u003e Ernährung \u003e Entgiften, Entschlacken, Entsäuern":"vitamine-sport-ernaehrung/ernaehrung/entgiften-entschlacken-entsaeuern","Beauty \u0026 Pflege \u003e Naturkosmetik \u003e Gesicht \u003e Gesichtspflege":"beauty-pflege/naturkosmetik/gesicht/gesichtspflege","Arzneimittel \u0026 Gesundheit \u003e Diabetes \u003e Teststreifen \u003e Ketonteststreifen":"arzneimittel-gesundheit/diabetes/teststreifen/ketonteststreifen","Arzneimittel \u0026 Gesundheit \u003e Blase, Niere \u0026 Prostata \u003e Niere":"arzneimittel-gesundheit/blase-niere-prostata/niere","Tiergesundheit \u0026 Tierbedarf \u003e Tier Reiseapotheke":"tiergesundheit-tierbedarf/tier-reiseapotheke","Arzneimittel \u0026 Gesundheit \u003e Schmerzmittel \u003e Schmerzmittel nach Wirkstoff":"arzneimittel-gesundheit/schmerzmittel/schmerzmittel-nach-wirkstoff","Vitamine, Sport \u0026 Ernährung \u003e Nahrungsergänzung \u003e Mineralstoffe \u0026 Spurenelemente \u003e Elektrolyte":"vitamine-sport-ernaehrung/nahrungsergaenzung/mineralstoffe-spurenelemente/elektrolyte","Arzneimittel \u0026 Gesundheit \u003e Erkältung \u0026 Grippe \u003e Vorbeugen \u0026 Abwehr stärken":"arzneimittel-gesundheit/erkaeltung-grippe/vorbeugen-abwehr-staerken","Bücher \u0026 Ratgeber \u003e Ernährung \u0026 Lifestyle \u003e Ernährung":"buecher-ratgeber/ernaehrung-lifestyle/ernaehrung","Beauty \u0026 Pflege \u003e Haare \u003e Zweithaar, Perücken und Toupees":"beauty-pflege/haare/zweithaar-peruecken-und-toupees","Arzneimittel \u0026 Gesundheit \u003e Haut, Haare \u0026 Nägel \u003e Wundheilung \u003e Narbenpflege":"arzneimittel-gesundheit/haut-haare-naegel/wundheilung/narbenpflege","Sanitätshaus \u003e Bandagen \u003e Hand- \u0026 Armbandagen":"sanitaetshaus/bandagen/hand-armbandagen","Tiergesundheit \u0026 Tierbedarf \u003e Hunde \u003e Parasiten \u0026 Ungeziefer":"tiergesundheit-tierbedarf/hunde/parasiten-ungeziefer","Vitamine, Sport \u0026 Ernährung \u003e Sport \u0026 Fitness \u003e Muskelaufbau \u0026 Protein \u003e Whey Protein":"vitamine-sport-ernaehrung/sport-fitness/muskelaufbau-protein/whey-protein","Arzneimittel \u0026 Gesundheit \u003e Homöopathie \u0026 Natur \u003e Schüßler Salze \u003e Tabletten \u0026 Kartotabletten":"arzneimittel-gesundheit/homoeopathie-natur/schuessler-salze/tabletten-kartotabletten","Arzneimittel \u0026 Gesundheit \u003e Magen, Darm \u0026 Verdauung \u003e Hämorrhoiden":"arzneimittel-gesundheit/magen-darm-verdauung/haemorrhoiden","Beauty \u0026 Pflege \u003e Haare \u003e Haarstyling \u0026 Stylingtools \u003e Stylingprodukte":"beauty-pflege/haare/haarstyling-stylingtools/stylingprodukte","Vitamine, Sport \u0026 Ernährung \u003e Sport \u0026 Fitness \u003e Snacks \u0026 Riegel":"vitamine-sport-ernaehrung/sport-fitness/snacks-riegel","Arzneimittel \u0026 Gesundheit \u003e Mund- \u0026 Zahngesundheit \u003e Mundpflege \u003e frischer Atem":"arzneimittel-gesundheit/mund-zahngesundheit/mundpflege/frischer-atem","Tiergesundheit \u0026 Tierbedarf \u003e Katzen \u003e Ohren- \u0026 Augenpflege":"tiergesundheit-tierbedarf/katzen/ohren-augenpflege","Arzneimittel \u0026 Gesundheit \u003e Haus- \u0026 Reiseapotheke":"arzneimittel-gesundheit/haus-reiseapotheke","Beauty \u0026 Pflege \u003e Gesicht \u003e Serum \u0026 Kur":"beauty-pflege/gesicht/serum-kur","Arzneimittel \u0026 Gesundheit \u003e Liebe \u0026 Sexualität \u003e Massage \u0026 Entspannung":"arzneimittel-gesundheit/liebe-sexualitaet/massage-entspannung","Arzneimittel \u0026 Gesundheit \u003e Erkältung \u0026 Grippe \u003e Schnupfen \u0026 Nasennebenhöhlenentzündung \u003e Nasentropfen":"arzneimittel-gesundheit/erkaeltung-grippe/schnupfen-nasennebenhoehlenentzuendung/nasentropfen","Arzneimittel \u0026 Gesundheit \u003e Erkältung \u0026 Grippe \u003e Husten \u0026 Bronchitis":"arzneimittel-gesundheit/erkaeltung-grippe/husten-bronchitis","Arzneimittel \u0026 Gesundheit \u003e Auge \u0026 Ohr \u003e Ohrenreinigung":"arzneimittel-gesundheit/auge-ohr/ohrenreinigung","Beauty \u0026 Pflege \u003e Haare \u003e Nach Haartyp \u003e Normales Haar":"beauty-pflege/haare/nach-haartyp/normales-haar","Arzneimittel \u0026 Gesundheit \u003e Haut, Haare \u0026 Nägel \u003e Neurodermitis \u003e Akutbehandlung":"arzneimittel-gesundheit/haut-haare-naegel/neurodermitis/akutbehandlung","Beauty \u0026 Pflege \u003e Haare \u003e Haarpflege \u003e Haarserum":"beauty-pflege/haare/haarpflege/haarserum","Vitamine, Sport \u0026 Ernährung \u003e Nahrungsergänzung \u003e Vitamine \u003e Folsäure":"vitamine-sport-ernaehrung/nahrungsergaenzung/vitamine/folsaeure","Vitamine, Sport \u0026 Ernährung \u003e Ernährung \u003e Superfood \u003e Maca":"vitamine-sport-ernaehrung/ernaehrung/superfood/maca","Vitamine, Sport \u0026 Ernährung \u003e Nahrungsergänzung \u003e Kräuter \u0026 Pflanzenextrakte \u003e Ashwagandha":"vitamine-sport-ernaehrung/nahrungsergaenzung/kruter--pflanzenextrakte/ashwagandha","Bücher \u0026 Ratgeber \u003e Gesundheit \u0026 Wohlfühlen \u003e Krankheiten \u003e Naturheilkunde":"buecher-ratgeber/gesundheit-wohlfuehlen/krankheiten/naturheilkunde","Arzneimittel \u0026 Gesundheit \u003e Magen, Darm \u0026 Verdauung \u003e Stärkung der Darmflora":"arzneimittel-gesundheit/magen-darm-verdauung/staerkung-der-darmflora","Beauty \u0026 Pflege \u003e Make-up \u003e Nägel \u003e Nagellack":"beauty-pflege/make-up/naegel/nagellack","Beauty \u0026 Pflege \u003e Gesicht \u003e Pflege nach Hautbedürfnis \u003e Für fettige Haut":"beauty-pflege/gesicht/pflege-nach-hautbeduerfnis/fuer-fettige-haut","Vitamine, Sport \u0026 Ernährung \u003e Nahrungsergänzung \u003e Mineralstoffe \u0026 Spurenelemente \u003e Kupfer":"vitamine-sport-ernaehrung/nahrungsergaenzung/mineralstoffe-spurenelemente/kupfer","Arzneimittel \u0026 Gesundheit \u003e Homöopathie \u0026 Natur \u003e Bachblüten \u003e Sets":"arzneimittel-gesundheit/homoeopathie-natur/bachblueten/sets","Bücher \u0026 Ratgeber \u003e Lebensführung":"buecher-ratgeber/lebensfuehrung","Tiergesundheit \u0026 Tierbedarf \u003e Hunde \u003e Fell- \u0026 Pfotenpflege":"tiergesundheit-tierbedarf/hunde/fell-pfotenpflege","Arzneimittel \u0026 Gesundheit \u003e Mund- \u0026 Zahngesundheit \u003e Zubehör":"arzneimittel-gesundheit/mund-zahngesundheit/zubehoer","Arzneimittel \u0026 Gesundheit \u003e Auge \u0026 Ohr \u003e Gehörschutz":"arzneimittel-gesundheit/auge-ohr/gehoerschutz","Tiergesundheit \u0026 Tierbedarf \u003e Katzen \u003e Katzenzahnpflege":"tiergesundheit-tierbedarf/katzen/katzenzahnpflege","Vitamine, Sport \u0026 Ernährung \u003e Ernährung \u003e Süßungsmittel \u003e Sonstige Süßungsmittel":"vitamine-sport-ernaehrung/ernaehrung/suessungsmittel/sonstige-suessungsmittel","Vitamine, Sport \u0026 Ernährung \u003e Nahrungsergänzung \u003e Fettsäuren":"vitamine-sport-ernaehrung/nahrungsergaenzung/fettsaeuren","Bücher \u0026 Ratgeber \u003e Lebensführung \u003e Lebenshilfe \u0026 Alltag \u003e Persönliche Entwicklung":"buecher-ratgeber/lebensfuehrung/lebenshilfe-alltag/persoenliche-entwicklung","Vitamine, Sport \u0026 Ernährung \u003e Ernährung \u003e Superfood \u003e Acerola":"vitamine-sport-ernaehrung/ernaehrung/superfood/acerola","Beauty \u0026 Pflege \u003e Make-up \u003e Nägel":"beauty-pflege/make-up/naegel","Arzneimittel \u0026 Gesundheit \u003e Diabetes \u003e Unterzuckerung":"arzneimittel-gesundheit/diabetes/unterzuckerung","Beauty \u0026 Pflege \u003e Naturkosmetik \u003e Make-up":"beauty-pflege/naturkosmetik/make-up","Vitamine, Sport \u0026 Ernährung \u003e Ernährung \u003e Süßwaren \u0026 Salziges \u003e Gebäck \u0026 Kuchen":"vitamine-sport-ernaehrung/ernaehrung/suesswaren-salziges/gebaeck-kuchen","Arzneimittel \u0026 Gesundheit \u003e Erkältung \u0026 Grippe \u003e Schnupfen \u0026 Nasennebenhöhlenentzündung":"arzneimittel-gesundheit/erkaeltung-grippe/schnupfen-nasennebenhoehlenentzuendung","Arzneimittel \u0026 Gesundheit \u003e Raucherentwöhnung \u003e Entwöhnungspräparate":"arzneimittel-gesundheit/raucherentwoehnung/entwoehnungspraeparate","Vitamine, Sport \u0026 Ernährung \u003e Sport \u0026 Fitness \u003e Meditation \u0026 Yoga":"vitamine-sport-ernaehrung/sport-fitness/meditation-yoga","Vitamine, Sport \u0026 Ernährung \u003e Sport \u0026 Fitness \u003e Aminosäuren":"vitamine-sport-ernaehrung/sport-fitness/aminosaeuren","Bücher \u0026 Ratgeber":"buecher-ratgeber","Beauty \u0026 Pflege \u003e Haare \u003e Haarstyling \u0026 Stylingtools \u003e Rasieren \u0026 Scheren":"beauty-pflege/haare/haarstyling-stylingtools/rasieren-scheren","Vitamine, Sport \u0026 Ernährung \u003e Sport \u0026 Fitness \u003e Aminosäuren \u003e L-Tyrosin":"vitamine-sport-ernaehrung/sport-fitness/aminosaeuren/l-tyrosin","Bücher \u0026 Ratgeber \u003e Tiergesundheit \u003e Pferd":"buecher-ratgeber/tiergesundheit/pferd","Beauty \u0026 Pflege \u003e Gesicht \u003e Pflege nach Inhaltsstoffen \u003e Vitamin C":"beauty-pflege/gesicht/pflege-nach-inhaltsstoffen/vitamin-c","Arzneimittel \u0026 Gesundheit \u003e Schmerzmittel \u003e Schmerzmittel nach Wirkstoff \u003e Ibuprofen":"arzneimittel-gesundheit/schmerzmittel/schmerzmittel-nach-wirkstoff/ibuprofen","Beauty \u0026 Pflege \u003e Haare \u003e Für Männer":"beauty-pflege/haare/fuer-maenner","Arzneimittel \u0026 Gesundheit \u003e Mund- \u0026 Zahngesundheit \u003e Zahnpflege \u003e Kaugummis und Pastillen":"arzneimittel-gesundheit/mund-zahngesundheit/zahnpflege/kaugummis-und-pastillen","Kinder \u0026 Familie \u003e Stillzeit \u0026 Wochenbett \u003e Rückbildung":"kinder-familie/stillzeit-wochenbett/rueckbildung","Bücher \u0026 Ratgeber \u003e Familie \u0026 Kinder":"buecher-ratgeber/familie-kinder","Beauty \u0026 Pflege \u003e Haare \u003e Haarpflege \u003e Haarmaske":"beauty-pflege/haare/haarpflege/haarmaske","Tiergesundheit \u0026 Tierbedarf \u003e Terraristik":"tiergesundheit-tierbedarf/terraristik","Arzneimittel \u0026 Gesundheit \u003e Haut, Haare \u0026 Nägel \u003e Sonnenbedingte Hautschäden":"arzneimittel-gesundheit/haut-haare-naegel/sonnenbedingte-hautschaeden","Bücher \u0026 Ratgeber \u003e Gesundheit \u0026 Wohlfühlen \u003e Fachbücher Psychologie \u003e Sonstiges":"buecher-ratgeber/gesundheit-wohlfuehlen/fachbuecher-psychologie/sonstiges","Vitamine, Sport \u0026 Ernährung \u003e Nahrungsergänzung \u003e Vitamine \u003e Vitamin A":"vitamine-sport-ernaehrung/nahrungsergaenzung/vitamine/vitamin-a","Beauty \u0026 Pflege \u003e Haare \u003e Haarstyling \u0026 Stylingtools \u003e Glätteisen \u0026 Lockenstäbe":"beauty-pflege/haare/haarstyling-stylingtools/glaetteisen-lockenstaebe","Bücher \u0026 Ratgeber \u003e Gesundheit \u0026 Wohlfühlen \u003e Krankheiten \u003e Blase, Niere, Prostata":"buecher-ratgeber/gesundheit-wohlfuehlen/krankheiten/blase-niere-prostata","Vitamine, Sport \u0026 Ernährung \u003e Nahrungsergänzung \u003e Mineralstoffe \u0026 Spurenelemente \u003e Zink":"vitamine-sport-ernaehrung/nahrungsergaenzung/mineralstoffe-spurenelemente/zink","Beauty \u0026 Pflege \u003e Make-up \u003e Augen \u003e Augenbrauen":"beauty-pflege/make-up/augen/augenbrauen","Arzneimittel \u0026 Gesundheit \u003e Frauengesundheit \u003e Vitamine \u0026 Vitalität":"arzneimittel-gesundheit/frauengesundheit/vitamine-vitalitaet","Beauty \u0026 Pflege \u003e Naturkosmetik \u003e Haare":"beauty-pflege/naturkosmetik/haare","Arzneimittel \u0026 Gesundheit \u003e Schmerzmittel \u003e Schmerzmittel nach Wirkstoff \u003e Paracetamol":"arzneimittel-gesundheit/schmerzmittel/schmerzmittel-nach-wirkstoff/paracetamol","Kinder \u0026 Familie \u003e Kinderwunsch":"kinder-familie/kinderwunsch","Beauty \u0026 Pflege \u003e Gesicht \u003e Pflege nach Hautbedürfnis \u003e Für sensible Haut":"beauty-pflege/gesicht/pflege-nach-hautbeduerfnis/fuer-sensible-haut","Beauty \u0026 Pflege \u003e Make-up \u003e Augen \u003e Kajalstift":"beauty-pflege/make-up/augen/kajalstift","Beauty \u0026 Pflege \u003e Make-up \u003e Pinsel \u0026 Co. \u003e Pinselreiniger":"beauty-pflege/make-up/pinsel-co/pinselreiniger","Beauty \u0026 Pflege \u003e Haare \u003e Nach Haartyp \u003e Anti-Schuppen":"beauty-pflege/haare/nach-haartyp/anti-schuppen","Bücher \u0026 Ratgeber \u003e Gesundheit \u0026 Wohlfühlen \u003e Krankheiten \u003e Erkältung \u0026 Grippe":"buecher-ratgeber/gesundheit-wohlfuehlen/krankheiten/erkaeltung-grippe","Bücher \u0026 Ratgeber \u003e Gesundheit \u0026 Wohlfühlen \u003e Krankheiten \u003e Kopfschmerzen":"buecher-ratgeber/gesundheit-wohlfuehlen/krankheiten/kopfschmerzen","Beauty \u0026 Pflege \u003e Haare \u003e Haarfarben \u003e Pflanzenhaarfarbe":"beauty-pflege/haare/haarfarben/pflanzenhaarfarbe","Bücher \u0026 Ratgeber \u003e Gesundheit \u0026 Wohlfühlen \u003e Krankheiten \u003e Depressionen":"buecher-ratgeber/gesundheit-wohlfuehlen/krankheiten/depressionen","Arzneimittel \u0026 Gesundheit \u003e Muskeln, Knochen, Gelenke \u003e Stauchung, Prellung \u0026 Zerrung \u003e Cremes \u0026 Gele":"arzneimittel-gesundheit/muskeln-knochen-gelenke/stauchung-prellung-zerrung/cremes-gele","Bücher \u0026 Ratgeber \u003e Familie \u0026 Kinder \u003e Familienratgeber \u003e Erziehung":"buecher-ratgeber/familie-kinder/familienratgeber/erziehung","Arzneimittel \u0026 Gesundheit \u003e Schmerzmittel \u003e Schmerzmittel nach Wirkstoff \u003e ASS":"arzneimittel-gesundheit/schmerzmittel/schmerzmittel-nach-wirkstoff/ass","Arzneimittel \u0026 Gesundheit \u003e Mund- \u0026 Zahngesundheit \u003e Kinderzahnpflege \u003e Milchzahndose":"arzneimittel-gesundheit/mund-zahngesundheit/kinderzahnpflege/milchzahndose","Bücher \u0026 Ratgeber \u003e Ernährung \u0026 Lifestyle \u003e Lifestyle \u003e Schönheit \u0026 Kosmetik":"buecher-ratgeber/ernaehrung-lifestyle/lifestyle/schoenheit-kosmetik","Vitamine, Sport \u0026 Ernährung \u003e Sport \u0026 Fitness \u003e Aminosäuren \u003e L-Tryptophan":"vitamine-sport-ernaehrung/sport-fitness/aminosaeuren/l-tryptophan","Arzneimittel \u0026 Gesundheit \u003e Diabetes \u003e Teststreifen \u003e Blutzuckerteststreifen":"arzneimittel-gesundheit/diabetes/teststreifen/blutzuckerteststreifen","Arzneimittel \u0026 Gesundheit \u003e Diabetes \u003e Diabetische Begleiterkrankung \u003e Ernährung \u0026 Nahrungsergänzung":"arzneimittel-gesundheit/diabetes/diabetische-begleiterkrankung/ernaehrung-nahrungsergaenzung","Arzneimittel \u0026 Gesundheit \u003e Homöopathie \u0026 Natur \u003e Schüßler Salze \u003e Tropfen":"arzneimittel-gesundheit/homoeopathie-natur/schuessler-salze/tropfen","Beauty \u0026 Pflege \u003e Gesicht \u003e Gesichtspflege":"beauty-pflege/gesicht/gesichtspflege","Beauty \u0026 Pflege \u003e Parfum \u003e Unisexdüfte":"beauty-pflege/parfum/unisexduefte","Bücher \u0026 Ratgeber \u003e Gesundheit \u0026 Wohlfühlen \u003e Pflege":"buecher-ratgeber/gesundheit-wohlfuehlen/pflege","Arzneimittel \u0026 Gesundheit \u003e Haut, Haare \u0026 Nägel \u003e Wundversorgung \u003e Pflaster":"arzneimittel-gesundheit/haut-haare-naegel/wundversorgung/pflaster","Tiergesundheit \u0026 Tierbedarf \u003e Hunde \u003e Magen \u0026 Darm":"tiergesundheit-tierbedarf/hunde/magen-darm","Bücher \u0026 Ratgeber \u003e Ernährung \u0026 Lifestyle \u003e Ernährung \u003e Sonstiges":"buecher-ratgeber/ernaehrung-lifestyle/ernaehrung/sonstiges","Arzneimittel \u0026 Gesundheit \u003e Magen, Darm \u0026 Verdauung \u003e Sodbrennen und Übersäuerung":"arzneimittel-gesundheit/magen-darm-verdauung/sodbrennen-und-uebersaeuerung","Beauty \u0026 Pflege \u003e Naturkosmetik \u003e Gesicht \u003e Zahnpflege":"beauty-pflege/naturkosmetik/gesicht/zahnpflege","Beauty \u0026 Pflege \u003e Parfum \u003e Duftnoten":"beauty-pflege/parfum/duftnoten","Arzneimittel \u0026 Gesundheit \u003e Homöopathie \u0026 Natur \u003e Bachblüten":"arzneimittel-gesundheit/homoeopathie-natur/bachblueten","Arzneimittel \u0026 Gesundheit \u003e Beruhigung, Schlaf \u0026 Stress \u003e Schlafmittel":"arzneimittel-gesundheit/beruhigung-schlaf-stress/schlafmittel","Kinder \u0026 Familie \u003e Baby \u0026 Kind \u003e Fieber \u0026 Schmerzmittel":"kinder-familie/baby-kind/fieber-schmerzmittel","Arzneimittel \u0026 Gesundheit \u003e Homöopathie \u0026 Natur \u003e Pflanzen- \u0026 Naturtherapie \u003e Magen \u0026 Darm":"arzneimittel-gesundheit/homoeopathie-natur/pflanzen-naturtherapie/magen-darm","Vitamine, Sport \u0026 Ernährung \u003e Ernährung \u003e Süßwaren \u0026 Salziges \u003e Desserts":"vitamine-sport-ernaehrung/ernaehrung/suesswaren-salziges/desserts","Arzneimittel \u0026 Gesundheit \u003e Haut, Haare \u0026 Nägel \u003e An Händen \u0026 Füßen \u003e Starke \u0026 gesunde Nägel":"arzneimittel-gesundheit/haut-haare-naegel/an-haenden-fuessen/starke-gesunde-naegel","Arzneimittel \u0026 Gesundheit \u003e Homöopathie \u0026 Natur \u003e Schüßler Salze":"arzneimittel-gesundheit/homoeopathie-natur/schuessler-salze","Beauty \u0026 Pflege \u003e Gesicht \u003e Pflege nach Inhaltsstoffen":"beauty-pflege/gesicht/pflege-nach-inhaltsstoffen","Beauty \u0026 Pflege \u003e Naturkosmetik \u003e Körper \u003e Körperreinigung":"beauty-pflege/naturkosmetik/koerper/koerperreinigung","Arzneimittel \u0026 Gesundheit \u003e Erkältung \u0026 Grippe \u003e Fieberthermometer \u0026 Mittel":"arzneimittel-gesundheit/erkaeltung-grippe/fieberthermometer-mittel","Beauty \u0026 Pflege \u003e Gesicht \u003e Pflege nach Inhaltsstoffen \u003e Kollagen":"beauty-pflege/gesicht/pflege-nach-inhaltsstoffen/kollagen","Vitamine, Sport \u0026 Ernährung \u003e Ernährung \u003e Superfood \u003e Guarana":"vitamine-sport-ernaehrung/ernaehrung/superfood/guarana","Vitamine, Sport \u0026 Ernährung \u003e Nahrungsergänzung \u003e Vitamine \u003e Biotin":"vitamine-sport-ernaehrung/nahrungsergaenzung/vitamine/biotin","Sanitätshaus \u003e Mobilität \u003e Rollatoren \u0026 Gehgestelle":"sanitaetshaus/mobilitaet/rollatoren-gehgestelle","Beauty \u0026 Pflege \u003e Gesicht \u003e Pflege nach Hautbedürfnis \u003e Für trockene Haut":"beauty-pflege/gesicht/pflege-nach-hautbeduerfnis/fuer-trockene-haut","Kinder \u0026 Familie \u003e Baby \u0026 Kind \u003e Husten":"kinder-familie/baby-kind/husten","Vitamine, Sport \u0026 Ernährung \u003e Ernährung \u003e Für Diabetiker \u003e Lebensmittel":"vitamine-sport-ernaehrung/ernaehrung/fuer-diabetiker/lebensmittel","Arzneimittel \u0026 Gesundheit \u003e Herz, Kreislauf \u0026 Gedächtnis \u003e Herz \u003e Bluthochdruck":"arzneimittel-gesundheit/herz-kreislauf-gedaechtnis/herz/bluthochdruck","Arzneimittel \u0026 Gesundheit \u003e Homöopathie \u0026 Natur \u003e Pflanzen- \u0026 Naturtherapie \u003e Beruhigung \u0026 Schlaf":"arzneimittel-gesundheit/homoeopathie-natur/pflanzen-naturtherapie/beruhigung-schlaf","Beauty \u0026 Pflege \u003e Haare":"beauty-pflege/haare","Arzneimittel \u0026 Gesundheit \u003e Haus- \u0026 Reiseapotheke \u003e Reiseapotheke \u003e Magen \u0026 Darmbeschwerden":"arzneimittel-gesundheit/haus-reiseapotheke/reiseapotheke/magen-darmbeschwerden","Vitamine, Sport \u0026 Ernährung \u003e Ernährung \u003e Kohlenhydratarme Lebensmittel":"vitamine-sport-ernaehrung/ernaehrung/kohlenhydratarme-lebensmittel","Arzneimittel \u0026 Gesundheit \u003e Beruhigung, Schlaf \u0026 Stress \u003e Schlafmittel \u003e Natürliche Hilfe":"arzneimittel-gesundheit/beruhigung-schlaf-stress/schlafmittel/natuerliche-hilfe","Tiergesundheit \u0026 Tierbedarf \u003e Hunde \u003e Hundefutter, Zusätze \u0026 Snacks":"tiergesundheit-tierbedarf/hunde/hundefutter-zusaetze-snacks","Vitamine, Sport \u0026 Ernährung \u003e Nahrungsergänzung \u003e Kräuter \u0026 Pflanzenextrakte \u003e Kurkuma":"vitamine-sport-ernaehrung/nahrungsergaenzung/kruter--pflanzenextrakte/kurkuma","Vitamine, Sport \u0026 Ernährung \u003e Nahrungsergänzung \u003e Enzyme \u003e Weitere Enzyme":"vitamine-sport-ernaehrung/nahrungsergaenzung/enzyme/weitere-enzyme","Vitamine, Sport \u0026 Ernährung \u003e Sport \u0026 Fitness \u003e Fitnessgeräte \u003e Zubehör":"vitamine-sport-ernaehrung/sport-fitness/fitnessgeraete/zubehoer","Arzneimittel \u0026 Gesundheit \u003e Magen, Darm \u0026 Verdauung":"arzneimittel-gesundheit/magen-darm-verdauung","Beauty \u0026 Pflege \u003e Make-up \u003e Pinsel \u0026 Co.":"beauty-pflege/make-up/pinsel-co","Kinder \u0026 Familie \u003e Baby \u0026 Kind \u003e Schnupfen":"kinder-familie/baby-kind/schnupfen","Arzneimittel \u0026 Gesundheit \u003e Mund- \u0026 Zahngesundheit \u003e Zahnpflege \u003e Zahnpasta":"arzneimittel-gesundheit/mund-zahngesundheit/zahnpflege/zahnpasta","Beauty \u0026 Pflege \u003e Gesicht \u003e Gesichtspflege für Männer \u003e Bartpflege":"beauty-pflege/gesicht/gesichtspflege-fuer-maenner/bartpflege","Arzneimittel \u0026 Gesundheit \u003e Homöopathie \u0026 Natur \u003e Pflanzen- \u0026 Naturtherapie \u003e Ernährung":"arzneimittel-gesundheit/homoeopathie-natur/pflanzen-naturtherapie/ernaehrung","Arzneimittel \u0026 Gesundheit \u003e Homöopathie \u0026 Natur \u003e Pflanzen- \u0026 Naturtherapie \u003e Erkältung \u0026 Abwehrkräfte":"arzneimittel-gesundheit/homoeopathie-natur/pflanzen-naturtherapie/erkaeltung-abwehrkraefte","Sanitätshaus \u003e Bandagen \u003e Kopf- \u0026 Halsbandagen":"sanitaetshaus/bandagen/kopf-halsbandagen","Arzneimittel \u0026 Gesundheit \u003e Erkältung \u0026 Grippe \u003e Schnupfen \u0026 Nasennebenhöhlenentzündung \u003e Nasendusche":"arzneimittel-gesundheit/erkaeltung-grippe/schnupfen-nasennebenhoehlenentzuendung/nasendusche","Arzneimittel \u0026 Gesundheit \u003e Mund- \u0026 Zahngesundheit \u003e Kinderzahnpflege \u003e Kindermundspülung und -gel":"arzneimittel-gesundheit/mund-zahngesundheit/kinderzahnpflege/kindermundspuelung-und-gel","Arzneimittel \u0026 Gesundheit \u003e Beruhigung, Schlaf \u0026 Stress \u003e Entspannungsbäder \u0026 -tees":"arzneimittel-gesundheit/beruhigung-schlaf-stress/entspannungsbaeder-tees","Arzneimittel \u0026 Gesundheit \u003e Erkältung \u0026 Grippe \u003e Halsbonbons":"arzneimittel-gesundheit/erkaeltung-grippe/halsbonbons","Beauty \u0026 Pflege \u003e Körper \u003e Nagelpflege":"beauty-pflege/koerper/nagelpflege","Vitamine, Sport \u0026 Ernährung \u003e Nahrungsergänzung \u003e Fettsäuren \u003e Weitere Fettsäuren":"vitamine-sport-ernaehrung/nahrungsergaenzung/fettsaeuren/weitere-fettsaeuren","Arzneimittel \u0026 Gesundheit \u003e Allergie \u003e Antiallergikum nach Wirkstoff \u003e Desloratadin":"arzneimittel-gesundheit/allergie/antiallergikum-nach-wirkstoff/desloratadin","Arzneimittel \u0026 Gesundheit \u003e Auge \u0026 Ohr \u003e Ohrenschmerzen":"arzneimittel-gesundheit/auge-ohr/ohrenschmerzen","Beauty \u0026 Pflege \u003e Sonne \u0026 Schutz \u003e After Sun":"beauty-pflege/sonne-schutz/after-sun","Beauty \u0026 Pflege \u003e Naturkosmetik \u003e Gesicht \u003e Augenpflege":"beauty-pflege/naturkosmetik/gesicht/augenpflege","Arzneimittel \u0026 Gesundheit \u003e Mund- \u0026 Zahngesundheit \u003e Zahnpflege \u003e elektrische Zahnbürsten":"arzneimittel-gesundheit/mund-zahngesundheit/zahnpflege/elektrische-zahnbuersten","Beauty \u0026 Pflege \u003e Make-up \u003e Augen \u003e Paletten und Sets":"beauty-pflege/make-up/augen/paletten-und-sets","Bücher \u0026 Ratgeber \u003e Ernährung \u0026 Lifestyle \u003e Ernährung \u003e Backen":"buecher-ratgeber/ernaehrung-lifestyle/ernaehrung/backen","Sanitätshaus \u003e Alltagshilfen \u003e Greifhilfen":"sanitaetshaus/alltagshilfen/greifhilfen","Bücher \u0026 Ratgeber \u003e Ernährung \u0026 Lifestyle \u003e Ernährung \u003e Vegetarische Ernährung":"buecher-ratgeber/ernaehrung-lifestyle/ernaehrung/vegetarische-ernaehrung","Kinder \u0026 Familie \u003e Baby \u0026 Kind \u003e Baby- \u0026 Kinderpflege":"kinder-familie/baby-kind/baby-kinderpflege","Beauty \u0026 Pflege \u003e Gesicht \u003e Pflege nach Hautbedürfnis \u003e Anti-Aging-Gesichtspflege":"beauty-pflege/gesicht/pflege-nach-hautbeduerfnis/anti-aging-gesichtspflege","Sanitätshaus \u003e Medizinische Geräte \u003e Therapiegeräte":"sanitaetshaus/medizinische-geraete/therapiegeraete","Arzneimittel \u0026 Gesundheit \u003e Liebe \u0026 Sexualität":"arzneimittel-gesundheit/liebe-sexualitaet","Vitamine, Sport \u0026 Ernährung \u003e Sport \u0026 Fitness \u003e Aminosäuren \u003e L-Arginin":"vitamine-sport-ernaehrung/sport-fitness/aminosaeuren/l-arginin","Arzneimittel \u0026 Gesundheit \u003e Diabetes \u003e Diabetische Begleiterkrankung \u003e Therapieergänzung":"arzneimittel-gesundheit/diabetes/diabetische-begleiterkrankung/therapieergaenzung","Beauty \u0026 Pflege \u003e Haare \u003e Nach Haartyp \u003e Empfindliche Kopfhaut":"beauty-pflege/haare/nach-haartyp/empfindliche-kopfhaut","Arzneimittel \u0026 Gesundheit \u003e Diabetes \u003e Blutzucker messen \u003e Lanzetten":"arzneimittel-gesundheit/diabetes/blutzucker-messen/lanzetten","Arzneimittel \u0026 Gesundheit \u003e Haut, Haare \u0026 Nägel \u003e Wundheilung":"arzneimittel-gesundheit/haut-haare-naegel/wundheilung","Arzneimittel \u0026 Gesundheit \u003e Magen, Darm \u0026 Verdauung \u003e Laktoseintoleranz":"arzneimittel-gesundheit/magen-darm-verdauung/laktoseintoleranz","Beauty \u0026 Pflege \u003e Körper \u003e Körperreinigung":"beauty-pflege/koerper/koerperreinigung","Bücher \u0026 Ratgeber \u003e Tiergesundheit \u003e Katze":"buecher-ratgeber/tiergesundheit/katze","Kinder \u0026 Familie \u003e Baby \u0026 Kind \u003e Ausstattung für Baby \u0026 Kind \u003e Baby- \u0026 Kindermode":"kinder-familie/baby-kind/ausstattung-fuer-baby-kind/baby-kindermode","Arzneimittel \u0026 Gesundheit \u003e Diabetes \u003e Blutzucker messen":"arzneimittel-gesundheit/diabetes/blutzucker-messen","Beauty \u0026 Pflege \u003e Naturkosmetik \u003e Zertifizierte Naturkosmetik":"beauty-pflege/naturkosmetik/zertifizierte-naturkosmetik","Beauty \u0026 Pflege \u003e Make-up \u003e Teint \u003e Contouring \u0026 Bronzer":"beauty-pflege/make-up/teint/contouring-bronzer","Sanitätshaus \u003e Bandagen \u003e Rückenbandagen":"sanitaetshaus/bandagen/rueckenbandagen","Arzneimittel \u0026 Gesundheit \u003e Magen, Darm \u0026 Verdauung \u003e Übelkeit":"arzneimittel-gesundheit/magen-darm-verdauung/uebelkeit","Bücher \u0026 Ratgeber \u003e Gesundheit \u0026 Wohlfühlen \u003e Krankheiten \u003e Magen \u0026 Darm":"buecher-ratgeber/gesundheit-wohlfuehlen/krankheiten/magen-darm","Vitamine, Sport \u0026 Ernährung \u003e Ernährung \u003e Süßwaren \u0026 Salziges \u003e Fruchtgummi":"vitamine-sport-ernaehrung/ernaehrung/suesswaren-salziges/fruchtgummi","Vitamine, Sport \u0026 Ernährung \u003e Ernährung \u003e Superfood \u003e Getreide":"vitamine-sport-ernaehrung/ernaehrung/superfood/getreide","Vitamine, Sport \u0026 Ernährung \u003e Sport \u0026 Fitness \u003e Sportlerernährung":"vitamine-sport-ernaehrung/sport-fitness/sportlerernaehrung","Arzneimittel \u0026 Gesundheit \u003e Erkältung \u0026 Grippe \u003e Erkältungstees":"arzneimittel-gesundheit/erkaeltung-grippe/erkaeltungstees","Beauty \u0026 Pflege \u003e Körper \u003e Körperpflege Herren":"beauty-pflege/koerper/koerperpflege-herren","Sanitätshaus \u003e Bekleidung \u0026 Schuhe \u003e Unterwäsche":"sanitaetshaus/bekleidung-schuhe/unterwaesche","Kinder \u0026 Familie \u003e Stillzeit \u0026 Wochenbett \u003e Sitzringe \u0026 Wundpflege":"kinder-familie/stillzeit-wochenbett/sitzringe-wundpflege","Beauty \u0026 Pflege \u003e Haare \u003e Nach Haartyp \u003e Lockiges Haar":"beauty-pflege/haare/nach-haartyp/lockiges-haar","Beauty \u0026 Pflege \u003e Naturkosmetik \u003e Make-up \u003e Teint":"beauty-pflege/naturkosmetik/make-up/teint","Beauty \u0026 Pflege \u003e Körper \u003e Körperpflege":"beauty-pflege/koerper/koerperpflege","Bücher \u0026 Ratgeber \u003e Gesundheit \u0026 Wohlfühlen \u003e Fachbücher Psychologie \u003e Angewandte Psychologie":"buecher-ratgeber/gesundheit-wohlfuehlen/fachbuecher-psychologie/angewandte-psychologie","Arzneimittel \u0026 Gesundheit \u003e Allergie \u003e Nahrungsmittelunverträglichkeiten":"arzneimittel-gesundheit/allergie/nahrungsmittelunvertraeglichkeiten","Kinder \u0026 Familie \u003e Baby \u0026 Kind \u003e Bauchweh \u0026 Erbrechen":"kinder-familie/baby-kind/bauchweh-erbrechen","Beauty \u0026 Pflege \u003e Haare \u003e Nach Haartyp":"beauty-pflege/haare/nach-haartyp","Beauty \u0026 Pflege \u003e Gesicht \u003e Gesichtsreinigung \u0026 Peeling":"beauty-pflege/gesicht/gesichtsreinigung-peeling","Beauty \u0026 Pflege \u003e Make-up \u003e Teint \u003e Rouge":"beauty-pflege/make-up/teint/rouge","Vitamine, Sport \u0026 Ernährung \u003e Nahrungsergänzung \u003e Mineralstoffe \u0026 Spurenelemente \u003e Magnesium":"vitamine-sport-ernaehrung/nahrungsergaenzung/mineralstoffe-spurenelemente/magnesium","Kinder \u0026 Familie \u003e Stillzeit \u0026 Wochenbett":"kinder-familie/stillzeit-wochenbett","Sanitätshaus \u003e Medizinische Geräte \u003e Messgeräte \u0026 Waagen":"sanitaetshaus/medizinische-geraete/messgeraete-waagen","Arzneimittel \u0026 Gesundheit \u003e Haus- \u0026 Reiseapotheke \u003e Reiseapotheke \u003e Sonnenbrand, Insektenstiche \u0026 Allergien":"arzneimittel-gesundheit/haus-reiseapotheke/reiseapotheke/sonnenbrand-insektenstiche-allergien","Beauty \u0026 Pflege \u003e Gesicht \u003e Pflege nach Hautbedürfnis \u003e Mit Sonnenschutz":"beauty-pflege/gesicht/pflege-nach-hautbeduerfnis/mit-sonnenschutz","Arzneimittel \u0026 Gesundheit \u003e Beruhigung, Schlaf \u0026 Stress \u003e Angststörung \u0026 Nervöse Unruhe":"arzneimittel-gesundheit/beruhigung-schlaf-stress/angststoerung-neroevse-unruhe","Arzneimittel \u0026 Gesundheit \u003e Auge \u0026 Ohr":"arzneimittel-gesundheit/auge-ohr","Beauty \u0026 Pflege \u003e Make-up \u003e Pinsel \u0026 Co. \u003e Pinsel":"beauty-pflege/make-up/pinsel-co/pinsel","Vitamine, Sport \u0026 Ernährung \u003e Ernährung \u003e Superfood \u003e Acai":"vitamine-sport-ernaehrung/ernaehrung/superfood/acai","Vitamine, Sport \u0026 Ernährung \u003e Nahrungsergänzung \u003e Enzyme \u003e Coenzym Q10":"vitamine-sport-ernaehrung/nahrungsergaenzung/enzyme/coenzym-q10","Tiergesundheit \u0026 Tierbedarf \u003e Hunde":"tiergesundheit-tierbedarf/hunde","Vitamine, Sport \u0026 Ernährung \u003e Abnehmen \u003e Diätshakes \u0026 Mahlzeitenersatz":"vitamine-sport-ernaehrung/abnehmen/diaetshakes-mahlzeitenersatz","Vitamine, Sport \u0026 Ernährung \u003e Sport \u0026 Fitness \u003e Shaker \u0026 Trinkflaschen":"vitamine-sport-ernaehrung/sport-fitness/shaker-trinkflaschen","Beauty \u0026 Pflege \u003e Make-up \u003e Lippen \u003e Lippenbalsam":"beauty-pflege/make-up/lippen/lippenbalsam","Vitamine, Sport \u0026 Ernährung \u003e Ernährung \u003e Süßwaren \u0026 Salziges":"vitamine-sport-ernaehrung/ernaehrung/suesswaren-salziges","Vitamine, Sport \u0026 Ernährung \u003e Ernährung \u003e Süßwaren \u0026 Salziges \u003e Chips \u0026 Salziges":"vitamine-sport-ernaehrung/ernaehrung/suesswaren-salziges/chips-salziges","Vitamine, Sport \u0026 Ernährung \u003e Nahrungsergänzung \u003e Vitamine \u003e Vitamin D":"vitamine-sport-ernaehrung/nahrungsergaenzung/vitamine/vitamin-d","Beauty \u0026 Pflege \u003e Parfum \u003e Duftnoten \u003e Orientalische Düfte":"beauty-pflege/parfum/duftnoten/orientalische-duefte","Bücher \u0026 Ratgeber \u003e Tiergesundheit \u003e Sonstiges":"buecher-ratgeber/tiergesundheit/sonstiges","Kinder \u0026 Familie \u003e Baby \u0026 Kind \u003e Ausstattung für Baby \u0026 Kind":"kinder-familie/baby-kind/ausstattung-fuer-baby-kind","Arzneimittel \u0026 Gesundheit \u003e Mund- \u0026 Zahngesundheit \u003e Kinderzahnpflege":"arzneimittel-gesundheit/mund-zahngesundheit/kinderzahnpflege","Arzneimittel \u0026 Gesundheit \u003e Mund- \u0026 Zahngesundheit \u003e Zahnpflege \u003e Zahnersatz":"arzneimittel-gesundheit/mund-zahngesundheit/zahnpflege/zahnersatz","Arzneimittel \u0026 Gesundheit \u003e Erkältung \u0026 Grippe \u003e Einreiben \u0026 Inhalieren \u003e Erkältungssalbe \u0026 Erkältungsbalsam":"arzneimittel-gesundheit/erkaeltung-grippe/einreiben-inhalieren/erkaeltungssalbe-erkaeltungsbalsam","Arzneimittel \u0026 Gesundheit \u003e Diabetes \u003e Insulinspritzen \u0026 Pens":"arzneimittel-gesundheit/diabetes/insulinspritzen-pens","Vitamine, Sport \u0026 Ernährung \u003e Sport \u0026 Fitness":"vitamine-sport-ernaehrung/sport-fitness","Arzneimittel \u0026 Gesundheit \u003e Diabetes \u003e Insulinspritzen \u0026 Pens \u003e Pennadeln":"arzneimittel-gesundheit/diabetes/insulinspritzen-pens/pennadeln","Sanitätshaus \u003e Bekleidung \u0026 Schuhe \u003e Reha-Kleidung":"sanitaetshaus/bekleidung-schuhe/reha-kleidung","Vitamine, Sport \u0026 Ernährung \u003e Sport \u0026 Fitness \u003e Aminosäuren \u003e L-Lysin":"vitamine-sport-ernaehrung/sport-fitness/aminosaeuren/l-lysin","Arzneimittel \u0026 Gesundheit \u003e Erkältung \u0026 Grippe":"arzneimittel-gesundheit/erkaeltung-grippe","Tiergesundheit \u0026 Tierbedarf \u003e Aquaristik":"tiergesundheit-tierbedarf/aquaristik","Beauty \u0026 Pflege \u003e Make-up \u003e Lippen \u003e Lipliner":"beauty-pflege/make-up/lippen/lipliner","Beauty \u0026 Pflege \u003e Haare \u003e Haarfarben \u003e Professionelle Haarfarbe":"beauty-pflege/haare/haarfarben/professionelle-haarfarbe","Vitamine, Sport \u0026 Ernährung \u003e Ernährung \u003e Superfood \u003e Chiasamen":"vitamine-sport-ernaehrung/ernaehrung/superfood/chiasamen","Beauty \u0026 Pflege \u003e Gesicht":"beauty-pflege/gesicht","Arzneimittel \u0026 Gesundheit \u003e Mund- \u0026 Zahngesundheit \u003e Mundpflege \u003e Mundduschen":"arzneimittel-gesundheit/mund-zahngesundheit/mundpflege/mundduschen","Beauty \u0026 Pflege \u003e Naturkosmetik \u003e Haare \u003e Pflege fürs Haar":"beauty-pflege/naturkosmetik/haare/pflege-fuers-haar","Sanitätshaus \u003e Bandagen":"sanitaetshaus/bandagen","Vitamine, Sport \u0026 Ernährung \u003e Ernährung \u003e Süßwaren \u0026 Salziges \u003e Kaugummi":"vitamine-sport-ernaehrung/ernaehrung/suesswaren-salziges/kaugummi","Vitamine, Sport \u0026 Ernährung \u003e Ernährung \u003e Superfood \u003e Flohsamen":"vitamine-sport-ernaehrung/ernaehrung/superfood/flohsamen","Arzneimittel \u0026 Gesundheit \u003e Frauengesundheit \u003e Menstruationsbeschwerden":"arzneimittel-gesundheit/frauengesundheit/menstruationsbeschwerden","Beauty \u0026 Pflege \u003e Naturkosmetik \u003e Gesicht \u003e Lippenpflege":"beauty-pflege/naturkosmetik/gesicht/lippenpflege","Arzneimittel \u0026 Gesundheit \u003e Raucherentwöhnung \u003e Gewichtsmanagement":"arzneimittel-gesundheit/raucherentwoehnung/gewichtsmanagement","Arzneimittel \u0026 Gesundheit \u003e Erkältung \u0026 Grippe \u003e Einreiben \u0026 Inhalieren \u003e Inhalationsgerät":"arzneimittel-gesundheit/erkaeltung-grippe/einreiben-inhalieren/inhalationsgeraet","Beauty \u0026 Pflege \u003e Gesicht \u003e Gesichtspflege für Männer":"beauty-pflege/gesicht/gesichtspflege-fuer-maenner","Kinder \u0026 Familie \u003e Stillzeit \u0026 Wochenbett \u003e Stilleinlagen \u0026 Brustpflege":"kinder-familie/stillzeit-wochenbett/stilleinlagen-brustpflege","Arzneimittel \u0026 Gesundheit \u003e Erkältung \u0026 Grippe \u003e Fieberthermometer \u0026 Mittel \u003e Baby \u0026 Kinder Fieberthermometer":"arzneimittel-gesundheit/erkaeltung-grippe/fieberthermometer-mittel/baby-kinder-fieberthermometer","Vitamine, Sport \u0026 Ernährung \u003e Nahrungsergänzung \u003e Vitamine \u003e Multivitamine":"vitamine-sport-ernaehrung/nahrungsergaenzung/vitamine/multivitamine","Arzneimittel \u0026 Gesundheit \u003e Muskeln, Knochen, Gelenke \u003e Muskel- \u0026 Wadenkrämpfe":"arzneimittel-gesundheit/muskeln-knochen-gelenke/muskel-wadenkraempfe","Vitamine, Sport \u0026 Ernährung \u003e Nahrungsergänzung \u003e Kräuter \u0026 Pflanzenextrakte \u003e Traubenextrakt":"vitamine-sport-ernaehrung/nahrungsergaenzung/kruter--pflanzenextrakte/traubenextrakt","Arzneimittel \u0026 Gesundheit \u003e Frauengesundheit \u003e Beckenbodentraining":"arzneimittel-gesundheit/frauengesundheit/beckenbodentraining","Arzneimittel \u0026 Gesundheit \u003e Frauengesundheit \u003e Vaginalinfektion \u0026 Trockenheit":"arzneimittel-gesundheit/frauengesundheit/vaginalinfektion-trockenheit","Arzneimittel \u0026 Gesundheit \u003e Allergie \u003e Antiallergikum nach Wirkstoff \u003e Cetirizin":"arzneimittel-gesundheit/allergie/antiallergikum-nach-wirkstoff/cetirizin","Vitamine, Sport \u0026 Ernährung \u003e Ernährung \u003e Süßwaren \u0026 Salziges \u003e Kekse":"vitamine-sport-ernaehrung/ernaehrung/suesswaren-salziges/kekse","Arzneimittel \u0026 Gesundheit \u003e Homöopathie \u0026 Natur \u003e Bachblüten \u003e Rescue - Night":"arzneimittel-gesundheit/homoeopathie-natur/bachblueten/rescue-night","Arzneimittel \u0026 Gesundheit \u003e Schmerzmittel":"arzneimittel-gesundheit/schmerzmittel","Vitamine, Sport \u0026 Ernährung \u003e Ernährung":"vitamine-sport-ernaehrung/ernaehrung","Arzneimittel \u0026 Gesundheit \u003e Hanf \u0026 CBD-Produkte \u003e CBD-Öl":"arzneimittel-gesundheit/hanf-cbd-produkte/cbd-oel","Beauty \u0026 Pflege \u003e Gesicht \u003e Gesichtspflege für Männer \u003e Cremes \u0026 Aftershave":"beauty-pflege/gesicht/gesichtspflege-fuer-maenner/cremes-aftershave","Kinder \u0026 Familie":"kinder-familie","Sanitätshaus \u003e Inkontinenz \u003e Einlagen":"sanitaetshaus/inkontinenz/einlagen","Beauty \u0026 Pflege \u003e Naturkosmetik \u003e Make-up \u003e Nägel":"beauty-pflege/naturkosmetik/make-up/naegel","Vitamine, Sport \u0026 Ernährung \u003e Abnehmen \u003e Diätshakes \u0026 Mahlzeitenersatz \u003e Suppen \u0026 warme Gerichte":"vitamine-sport-ernaehrung/abnehmen/diaetshakes-mahlzeitenersatz/suppen-warme-gerichte","Arzneimittel \u0026 Gesundheit \u003e Mund- \u0026 Zahngesundheit \u003e Kinderzahnpflege \u003e Kinderzahnbürste":"arzneimittel-gesundheit/mund-zahngesundheit/kinderzahnpflege/kinderzahnbuerste","Vitamine, Sport \u0026 Ernährung \u003e Nahrungsergänzung \u003e Mineralstoffe \u0026 Spurenelemente \u003e Eisen":"vitamine-sport-ernaehrung/nahrungsergaenzung/mineralstoffe-spurenelemente/eisen","Arzneimittel \u0026 Gesundheit \u003e Auge \u0026 Ohr \u003e Bindehautentzündung":"arzneimittel-gesundheit/auge-ohr/bindehautentzuendung","Arzneimittel \u0026 Gesundheit \u003e Frauengesundheit \u003e Wechseljahre":"arzneimittel-gesundheit/frauengesundheit/wechseljahre","Arzneimittel \u0026 Gesundheit \u003e Blase, Niere \u0026 Prostata \u003e Blase \u003e Harnwegserkrankungen":"arzneimittel-gesundheit/blase-niere-prostata/blase/harnwegserkrankungen","Beauty \u0026 Pflege \u003e Haare \u003e Nach Haartyp \u003e Fettiges Haar":"beauty-pflege/haare/nach-haartyp/fettiges-haar","Bücher \u0026 Ratgeber \u003e Ernährung \u0026 Lifestyle \u003e Lifestyle \u003e Geschenke":"buecher-ratgeber/ernaehrung-lifestyle/lifestyle/geschenke","Beauty \u0026 Pflege \u003e Haare \u003e Haarfarben \u003e Coloration":"beauty-pflege/haare/haarfarben/coloration","Beauty \u0026 Pflege \u003e Make-up \u003e Augen \u003e Mascara":"beauty-pflege/make-up/augen/mascara","Arzneimittel \u0026 Gesundheit \u003e Muskeln, Knochen, Gelenke \u003e Rheuma":"arzneimittel-gesundheit/muskeln-knochen-gelenke/rheuma","Beauty \u0026 Pflege \u003e Haare \u003e Nach Haartyp \u003e Mittel gegen Haarausfall":"beauty-pflege/haare/nach-haartyp/mittel-gegen-haarausfall","Arzneimittel \u0026 Gesundheit \u003e Hanf \u0026 CBD-Produkte":"arzneimittel-gesundheit/hanf-cbd-produkte","Vitamine, Sport \u0026 Ernährung \u003e Sport \u0026 Fitness \u003e Fitnessgeräte \u003e Kraftgeräte":"vitamine-sport-ernaehrung/sport-fitness/fitnessgeraete/kraftgeraete","Vitamine, Sport \u0026 Ernährung \u003e Ernährung \u003e Superfood \u003e Moringa":"vitamine-sport-ernaehrung/ernaehrung/superfood/moringa","Vitamine, Sport \u0026 Ernährung \u003e Ernährung \u003e Spezialnahrung \u003e Erhöhter Eiweißbedarf":"vitamine-sport-ernaehrung/ernaehrung/spezialnahrung/erhoehter-eiweissbedarf","Arzneimittel \u0026 Gesundheit \u003e Liebe \u0026 Sexualität \u003e Potenz \u0026 Stimulation \u003e Penispumpen":"arzneimittel-gesundheit/liebe-sexualitaet/potenz-stimulation/penispumpen","Vitamine, Sport \u0026 Ernährung \u003e Ernährung \u003e Superfood \u003e Spermidin":"vitamine-sport-ernaehrung/ernaehrung/superfood/spermidin","Beauty \u0026 Pflege \u003e Haare \u003e Haarstyling \u0026 Stylingtools \u003e Hitzeschutz":"beauty-pflege/haare/haarstyling-stylingtools/hitzeschutz","Sanitätshaus \u003e Pflegebedarf \u0026 Haushalt \u003e Haushalt \u0026 Hygiene \u003e Bad \u0026 WC":"sanitaetshaus/pflegebedarf-haushalt/haushalt-hygiene/bad-wc","Bücher \u0026 Ratgeber \u003e Ernährung \u0026 Lifestyle \u003e Ernährung \u003e Getränke":"buecher-ratgeber/ernaehrung-lifestyle/ernaehrung/getraenke","Beauty \u0026 Pflege \u003e Körper":"beauty-pflege/koerper","Tiergesundheit \u0026 Tierbedarf \u003e Hunde \u003e Hundezahnpflege":"tiergesundheit-tierbedarf/hunde/hundezahnpflege","Arzneimittel \u0026 Gesundheit \u003e Herz, Kreislauf \u0026 Gedächtnis \u003e Herz \u003e Herzstärkung":"arzneimittel-gesundheit/herz-kreislauf-gedaechtnis/herz/herzstaerkung","Beauty \u0026 Pflege \u003e Gesicht \u003e Pflege nach Inhaltsstoffen \u003e AHA \u0026 BHA":"beauty-pflege/gesicht/pflege-nach-inhaltsstoffen/aha-bha","Arzneimittel \u0026 Gesundheit \u003e Auge \u0026 Ohr \u003e Gereizte \u0026 trockene Augen \u003e Augensalbe":"arzneimittel-gesundheit/auge-ohr/gereizte-trockene-augen/augensalbe","Bücher \u0026 Ratgeber \u003e Ernährung \u0026 Lifestyle \u003e Ernährung \u003e Grillen":"buecher-ratgeber/ernaehrung-lifestyle/ernaehrung/grillen","Arzneimittel \u0026 Gesundheit \u003e Haus- \u0026 Reiseapotheke \u003e Reiseapotheke \u003e Insekten \u0026 Mückenschutz":"arzneimittel-gesundheit/haus-reiseapotheke/reiseapotheke/insekten-mueckenschutz","Arzneimittel \u0026 Gesundheit \u003e Mund- \u0026 Zahngesundheit \u003e Zahnschmerzen":"arzneimittel-gesundheit/mund-zahngesundheit/zahnschmerzen","Kinder \u0026 Familie \u003e Baby \u0026 Kind \u003e Wundversorgung \u0026 -heilung":"kinder-familie/baby-kind/wundversorgung-heilung","Arzneimittel \u0026 Gesundheit \u003e Erkältung \u0026 Grippe \u003e Schnupfen \u0026 Nasennebenhöhlenentzündung \u003e Nasensalben":"arzneimittel-gesundheit/erkaeltung-grippe/schnupfen-nasennebenhoehlenentzuendung/nasensalben","Arzneimittel \u0026 Gesundheit \u003e Diabetes \u003e Blutzucker messen \u003e Kontrolllösungen":"arzneimittel-gesundheit/diabetes/blutzucker-messen/kontrollloesungen","Vitamine, Sport \u0026 Ernährung \u003e Ernährung \u003e Superfood":"vitamine-sport-ernaehrung/ernaehrung/superfood","Sanitätshaus \u003e Mobilität \u003e Gehstöcke":"sanitaetshaus/mobilitaet/gehstoecke","Arzneimittel \u0026 Gesundheit \u003e Mund- \u0026 Zahngesundheit \u003e Mundpflege \u003e Mundspülung und -gele":"arzneimittel-gesundheit/mund-zahngesundheit/mundpflege/mundspuelung-und-gele","Arzneimittel \u0026 Gesundheit \u003e Haus- \u0026 Reiseapotheke \u003e Hausapotheke \u003e Hauspotheken-Set":"arzneimittel-gesundheit/haus-reiseapotheke/hausapotheke/hauspotheken-set","Arzneimittel \u0026 Gesundheit \u003e Diabetes":"arzneimittel-gesundheit/diabetes","Beauty \u0026 Pflege \u003e Naturkosmetik \u003e Gesicht \u003e Gesichtsreinigung":"beauty-pflege/naturkosmetik/gesicht/gesichtsreinigung","Arzneimittel \u0026 Gesundheit \u003e Homöopathie \u0026 Natur \u003e Pflanzen- \u0026 Naturtherapie \u003e Auge \u0026 Ohr":"arzneimittel-gesundheit/homoeopathie-natur/pflanzen-naturtherapie/auge-ohr","Sanitätshaus \u003e Pflegebedarf \u0026 Haushalt":"sanitaetshaus/pflegebedarf-haushalt","Tiergesundheit \u0026 Tierbedarf \u003e Katzen \u003e Katzenzubehör":"tiergesundheit-tierbedarf/katzen/katzenzubehoer","Arzneimittel \u0026 Gesundheit \u003e Erkältung \u0026 Grippe \u003e Halsschmerzen":"arzneimittel-gesundheit/erkaeltung-grippe/halsschmerzen","Sanitätshaus \u003e Mobilität \u003e Elektromobile":"sanitaetshaus/mobilitaet/elektromobile","Arzneimittel \u0026 Gesundheit \u003e Haut, Haare \u0026 Nägel \u003e An Händen \u0026 Füßen \u003e Pflege":"arzneimittel-gesundheit/haut-haare-naegel/an-haenden-fuessen/pflege","Beauty \u0026 Pflege \u003e Naturkosmetik \u003e Make-up \u003e Augen":"beauty-pflege/naturkosmetik/make-up/augen","Arzneimittel \u0026 Gesundheit \u003e Erkältung \u0026 Grippe \u003e Husten \u0026 Bronchitis \u003e Hustenlöser":"arzneimittel-gesundheit/erkaeltung-grippe/husten-bronchitis/hustenloeser","Bücher \u0026 Ratgeber \u003e Gesundheit \u0026 Wohlfühlen \u003e Fachbücher Medizin \u003e Medizinische Fachberufe":"buecher-ratgeber/gesundheit-wohlfuehlen/fachbuecher-medizin/medizinische-fachberufe","Arzneimittel \u0026 Gesundheit \u003e Haut, Haare \u0026 Nägel \u003e Schuppen \u0026 Schuppenflechte":"arzneimittel-gesundheit/haut-haare-naegel/schuppen-schuppenflechte","Tiergesundheit \u0026 Tierbedarf \u003e Katzen \u003e Pfoten- \u0026 Fellpflege":"tiergesundheit-tierbedarf/katzen/pfoten-fellpflege","Arzneimittel \u0026 Gesundheit \u003e Magen, Darm \u0026 Verdauung \u003e Durchfall":"arzneimittel-gesundheit/magen-darm-verdauung/durchfall","Vitamine, Sport \u0026 Ernährung \u003e Abnehmen \u003e Appetitzügler":"vitamine-sport-ernaehrung/abnehmen/appetitzuegler","Vitamine, Sport \u0026 Ernährung \u003e Ernährung \u003e Süßungsmittel \u003e Stevia":"vitamine-sport-ernaehrung/ernaehrung/suessungsmittel/stevia","Vitamine, Sport \u0026 Ernährung \u003e Sport \u0026 Fitness \u003e Fitnessgeräte \u003e Trainingsmatten":"vitamine-sport-ernaehrung/sport-fitness/fitnessgeraete/trainingsmatten","Arzneimittel \u0026 Gesundheit \u003e Haut, Haare \u0026 Nägel \u003e Allergie \u0026 Juckreiz":"arzneimittel-gesundheit/haut-haare-naegel/allergie-juckreiz","Vitamine, Sport \u0026 Ernährung \u003e Ernährung \u003e Superfood \u003e Ingwer":"vitamine-sport-ernaehrung/ernaehrung/superfood/ingwer","Bücher \u0026 Ratgeber \u003e Ernährung \u0026 Lifestyle \u003e Ernährung \u003e Vegane Ernährung":"buecher-ratgeber/ernaehrung-lifestyle/ernaehrung/vegane-ernaehrung","Arzneimittel \u0026 Gesundheit \u003e Homöopathie \u0026 Natur \u003e Homöopathie \u003e D-Potenzen":"arzneimittel-gesundheit/homoeopathie-natur/homoeopathie/d-potenzen","Sanitätshaus \u003e Alltagshilfen \u003e Bad":"sanitaetshaus/alltagshilfen/bad","Tiergesundheit \u0026 Tierbedarf \u003e Hunde \u003e Gelenke \u0026 Knochen":"tiergesundheit-tierbedarf/hunde/gelenke-knochen","Bücher \u0026 Ratgeber \u003e Lebensführung \u003e Lebenshilfe \u0026 Alltag \u003e Partnerschaft, Sexualität":"buecher-ratgeber/lebensfuehrung/lebenshilfe-alltag/partnerschaft-sexualitaet","Sanitätshaus \u003e Medizinische Geräte":"sanitaetshaus/medizinische-geraete","Tiergesundheit \u0026 Tierbedarf \u003e Katzen \u003e Katzenfutter, Snacks \u0026 Zusätze":"tiergesundheit-tierbedarf/katzen/katzenfutter-snacks-zusaetze","Beauty \u0026 Pflege \u003e Gesicht \u003e Pflege nach Inhaltsstoffen \u003e Niacinamid":"beauty-pflege/gesicht/pflege-nach-inhaltsstoffen/niacinamid","Vitamine, Sport \u0026 Ernährung \u003e Nahrungsergänzung \u003e Kräuter \u0026 Pflanzenextrakte \u003e Moringa":"vitamine-sport-ernaehrung/nahrungsergaenzung/kruter--pflanzenextrakte/moringa","Vitamine, Sport \u0026 Ernährung \u003e Ernährung \u003e Superfood \u003e Goji":"vitamine-sport-ernaehrung/ernaehrung/superfood/goji","Kinder \u0026 Familie \u003e Schwangerschaft \u003e Schwangerschaftstee":"kinder-familie/schwangerschaft/schwangerschaftstee","Arzneimittel \u0026 Gesundheit \u003e Raucherentwöhnung \u003e Mundgesundheit":"arzneimittel-gesundheit/raucherentwoehnung/mundgesundheit","Beauty \u0026 Pflege \u003e Körper \u003e Handpflege":"beauty-pflege/koerper/handpflege","Beauty \u0026 Pflege \u003e Naturkosmetik \u003e Gesicht":"beauty-pflege/naturkosmetik/gesicht","Tiergesundheit \u0026 Tierbedarf \u003e Hunde \u003e Nervosität \u0026 Unruhe":"tiergesundheit-tierbedarf/hunde/nervositaet-unruhe","Tiergesundheit \u0026 Tierbedarf \u003e Hunde \u003e Hundezubehör":"tiergesundheit-tierbedarf/hunde/hundezubehoer","Arzneimittel \u0026 Gesundheit \u003e Mund- \u0026 Zahngesundheit \u003e Zahnpflege \u003e Zahnstocher":"arzneimittel-gesundheit/mund-zahngesundheit/zahnpflege/zahnstocher","Beauty \u0026 Pflege \u003e Parfum \u003e Duftnoten \u003e Holzige Düfte":"beauty-pflege/parfum/duftnoten/holzige-duefte","Arzneimittel \u0026 Gesundheit \u003e Homöopathie \u0026 Natur \u003e Pflanzen- \u0026 Naturtherapie \u003e Allergie \u0026 Heuschnupfen":"arzneimittel-gesundheit/homoeopathie-natur/pflanzen-naturtherapie/allergie-heuschnupfen","Tiergesundheit \u0026 Tierbedarf \u003e Katzen \u003e Wundversorgung":"tiergesundheit-tierbedarf/katzen/wundversorgung","Bücher \u0026 Ratgeber \u003e Gesundheit \u0026 Wohlfühlen \u003e Krankheiten \u003e Rheuma \u0026 Osteoporose":"buecher-ratgeber/gesundheit-wohlfuehlen/krankheiten/rheuma-osteoporose","Arzneimittel \u0026 Gesundheit \u003e Erkältung \u0026 Grippe \u003e Vorbeugen \u0026 Abwehr stärken \u003e Immunsystem unterstützen":"arzneimittel-gesundheit/erkaeltung-grippe/vorbeugen-abwehr-staerken/immunsystem-unterstuetzen","Arzneimittel \u0026 Gesundheit \u003e Erkältung \u0026 Grippe \u003e Schnupfen \u0026 Nasennebenhöhlenentzündung \u003e Nasensprays":"arzneimittel-gesundheit/erkaeltung-grippe/schnupfen-nasennebenhoehlenentzuendung/nasensprays","Arzneimittel \u0026 Gesundheit \u003e Beruhigung, Schlaf \u0026 Stress \u003e Stress \u0026 Abgeschlagenheit":"arzneimittel-gesundheit/beruhigung-schlaf-stress/stress-abgeschlagenheit","Kinder \u0026 Familie \u003e Baby \u0026 Kind \u003e Baby- \u0026 Kinderpflege \u003e Wickeln \u0026 Co.":"kinder-familie/baby-kind/baby-kinderpflege/wickeln-co","Arzneimittel \u0026 Gesundheit":"arzneimittel-gesundheit","Arzneimittel \u0026 Gesundheit \u003e Homöopathie \u0026 Natur \u003e Bachblüten \u003e Rescue - Das Original":"arzneimittel-gesundheit/homoeopathie-natur/bachblueten/rescue-das-original","Arzneimittel \u0026 Gesundheit \u003e Frauengesundheit \u003e Scheidenpilz":"arzneimittel-gesundheit/frauengesundheit/scheidenpilz","Bücher \u0026 Ratgeber \u003e Gesundheit \u0026 Wohlfühlen \u003e Fachbücher Medizin \u003e Pharmazie":"buecher-ratgeber/gesundheit-wohlfuehlen/fachbuecher-medizin/pharmazie","Vitamine, Sport \u0026 Ernährung \u003e Nahrungsergänzung \u003e Kräuter \u0026 Pflanzenextrakte \u003e Mariendistel":"vitamine-sport-ernaehrung/nahrungsergaenzung/kruter--pflanzenextrakte/mariendistel","Kinder \u0026 Familie \u003e Stillzeit \u0026 Wochenbett \u003e Auszeit \u0026 Entspannung":"kinder-familie/stillzeit-wochenbett/auszeit-entspannung","Vitamine, Sport \u0026 Ernährung \u003e Sport \u0026 Fitness \u003e Muskelaufbau \u0026 Protein \u003e Veganes Protein":"vitamine-sport-ernaehrung/sport-fitness/muskelaufbau-protein/veganes-protein","Arzneimittel \u0026 Gesundheit \u003e Mund- \u0026 Zahngesundheit \u003e Kinderzahnpflege \u003e Zahnen":"arzneimittel-gesundheit/mund-zahngesundheit/kinderzahnpflege/zahnen","Vitamine, Sport \u0026 Ernährung \u003e Ernährung \u003e Superfood \u003e Lifestyle":"vitamine-sport-ernaehrung/ernaehrung/superfood/lifestyle","Vitamine, Sport \u0026 Ernährung \u003e Abnehmen \u003e Diätshakes \u0026 Mahlzeitenersatz \u003e Drinks":"vitamine-sport-ernaehrung/abnehmen/diaetshakes-mahlzeitenersatz/drinks","Vitamine, Sport \u0026 Ernährung \u003e Ernährung \u003e Superfood \u003e Coenzym Q10":"vitamine-sport-ernaehrung/ernaehrung/superfood/coenzym-q10","Vitamine, Sport \u0026 Ernährung \u003e Nahrungsergänzung \u003e Mineralstoffe \u0026 Spurenelemente":"vitamine-sport-ernaehrung/nahrungsergaenzung/mineralstoffe-spurenelemente","Bücher \u0026 Ratgeber \u003e Gesundheit \u0026 Wohlfühlen \u003e Krankheiten":"buecher-ratgeber/gesundheit-wohlfuehlen/krankheiten","Arzneimittel \u0026 Gesundheit \u003e Diabetes \u003e Insulinspritzen \u0026 Pens \u003e Desinfektion":"arzneimittel-gesundheit/diabetes/insulinspritzen-pens/desinfektion","Bücher \u0026 Ratgeber \u003e Lebensführung \u003e Lebenshilfe \u0026 Alltag":"buecher-ratgeber/lebensfuehrung/lebenshilfe-alltag","Sanitätshaus \u003e Alltagshilfen \u003e Aufstehhilfen":"sanitaetshaus/alltagshilfen/aufstehhilfen","Arzneimittel \u0026 Gesundheit \u003e Mund- \u0026 Zahngesundheit \u003e Zahnpflege \u003e Zahnaufhellung":"arzneimittel-gesundheit/mund-zahngesundheit/zahnpflege/zahnaufhellung","Bücher \u0026 Ratgeber \u003e Gesundheit \u0026 Wohlfühlen \u003e Fachbücher Psychologie \u003e Psychoanalyse":"buecher-ratgeber/gesundheit-wohlfuehlen/fachbuecher-psychologie/psychoanalyse","Arzneimittel \u0026 Gesundheit \u003e Männergesundheit \u003e Blasenschwäche":"arzneimittel-gesundheit/maennergesundheit/blasenschwaeche"},"initialAds":{},"pentaleapAds":null,"structuredData":"[{\"@context\":\"https://schema.org\",\"@graph\":[{\"@type\":\"WebSite\",\"url\":\"https://www.docmorris.de/\",\"potentialAction\":{\"@type\":\"SearchAction\",\"target\":{\"@type\":\"EntryPoint\",\"urlTemplate\":\"https://www.docmorris.de/search?query={search_term_string}\"},\"query-input\":\"required name=search_term_string\"}},{\"@type\":\"Organization\",\"url\":\"https://www.docmorris.de/\",\"name\":\"DocMorris\",\"logo\":\"https://www.docmorris.de/assets/img/open-graph.jpg\",\"sameAs\":[\"https://www.facebook.com/DocMorris\",\"https://www.instagram.com/docmorris/\",\"https://www.youtube.com/docmorris/\"],\"contactPoint\":{\"@type\":\"ContactPoint\",\"telephone\":\"+49-800-480-8000\",\"contactType\":\"Customer Service\",\"url\":\"https://www.docmorris.de/kontaktformular\"}}]},{\"@context\":\"https://schema.org\",\"@type\":\"BreadcrumbList\",\"itemListElement\":[{\"@type\":\"ListItem\",\"position\":1,\"name\":\"Startseite\",\"item\":\"https://www.docmorris.de\"},{\"@type\":\"ListItem\",\"position\":2,\"name\":\"Arzneimittel \u0026 Gesundheit\",\"item\":\"https://www.docmorris.de/arzneimittel-gesundheit\"}]},{\"@context\":\"https://schema.org\",\"@type\":\"ItemList\",\"itemListElement\":[{\"@type\":\"ListItem\",\"position\":1,\"item\":{\"@type\":\"Product\",\"@id\":\"https://www.docmorris.de/heumann-ibuprofen-schmerztabletten-400-mg-filmtabletten/07728561\",\"name\":\"Heumann Ibuprofen Schmerztabletten 400 mg Filmtabletten 50 St\",\"description\":\"Heumann Ibuprofen Schmerztabletten 400 mg Filmtabletten 50 St - 50 St günstig online bestellen in der DocMorris online Apotheke. Schnelle Lieferung ✓ Sichere Zahlung ✓\",\"image\":\"https://statics.docmorris.de/static/produkte/FX5CCQ6V/docmorris/ps300/heumann-ibuprofen-schmerztabletten-400-mg-filmtabl-07728561-0-1716367448458830.jpeg\",\"url\":\"https://www.docmorris.de/heumann-ibuprofen-schmerztabletten-400-mg-filmtabletten/07728561\",\"brand\":{\"@type\":\"Brand\",\"name\":\"Heumann\"},\"aggregateRating\":{\"@type\":\"AggregateRating\",\"ratingValue\":4.83,\"bestRating\":\"5\",\"worstRating\":\"1\",\"ratingCount\":699},\"offers\":{\"@type\":\"Offer\",\"priceCurrency\":\"EUR\",\"price\":3.69,\"availability\":\"https://schema.org/InStock\",\"seller\":{\"@type\":\"Organization\",\"name\":\"Apotal\"},\"priceSpecification\":[{\"@type\":\"UnitPriceSpecification\",\"priceType\":\"https://schema.org/StrikethroughPrice\",\"price\":11.84,\"priceCurrency\":\"EUR\"}],\"priceValidUntil\":\"9999-12-31T22:59:59+0000\"}}},{\"@type\":\"ListItem\",\"position\":2,\"item\":{\"@type\":\"Product\",\"@id\":\"https://www.docmorris.de/bepanthen-augen-und-nasensalbe/01578675\",\"name\":\"Bepanthen Augen- und Nasensalbe 10 g\",\"description\":\"Bepanthen Augen- und Nasensalbe 10 g - 10 g günstig online bestellen in der DocMorris online Apotheke. Schnelle Lieferung ✓ Sichere Zahlung ✓\",\"image\":\"https://statics.docmorris.de/static/produkte/FX5UP9SI/docmorris/ps300/bepanthen-augen-und-nasensalbe-10-g-01578675-0-1713969348924170.jpeg\",\"url\":\"https://www.docmorris.de/bepanthen-augen-und-nasensalbe/01578675\",\"brand\":{\"@type\":\"Brand\",\"name\":\"Bepanthen\"},\"aggregateRating\":{\"@type\":\"AggregateRating\",\"ratingValue\":4.81,\"bestRating\":\"5\",\"worstRating\":\"1\",\"ratingCount\":1878},\"offers\":{\"@type\":\"Offer\",\"priceCurrency\":\"EUR\",\"price\":5.99,\"availability\":\"https://schema.org/InStock\",\"seller\":{\"@type\":\"Organization\",\"name\":\"DocMorris Apotheke\"},\"priceSpecification\":[{\"@type\":\"UnitPriceSpecification\",\"priceType\":\"https://schema.org/StrikethroughPrice\",\"price\":8.48,\"priceCurrency\":\"EUR\"}],\"priceValidUntil\":\"9999-12-31T22:59:59+0000\"}}},{\"@type\":\"ListItem\",\"position\":3,\"item\":{\"@type\":\"Product\",\"@id\":\"https://www.docmorris.de/ibu-ratiopharm-400-mg-akut-schmerztabletten/10019621\",\"name\":\"IBU ratiopharm 400 mg akut Schmerztabletten 50 St\",\"description\":\"IBU ratiopharm 400 mg akut Schmerztabletten 50 St - 50 St günstig online bestellen in der DocMorris online Apotheke. Schnelle Lieferung ✓ Sichere Zahlung ✓\",\"image\":\"https://statics.docmorris.de/static/produkte/FX54TUWF/docmorris/ps300/ibu-ratiopharm-400-mg-akut-schmerztabletten-50-st-10019621-0-1714035617107707.jpeg\",\"url\":\"https://www.docmorris.de/ibu-ratiopharm-400-mg-akut-schmerztabletten/10019621\",\"brand\":{\"@type\":\"Brand\",\"name\":\"Ratiopharm\"},\"aggregateRating\":{\"@type\":\"AggregateRating\",\"ratingValue\":4.79,\"bestRating\":\"5\",\"worstRating\":\"1\",\"ratingCount\":791},\"offers\":{\"@type\":\"Offer\",\"priceCurrency\":\"EUR\",\"price\":5.89,\"availability\":\"https://schema.org/InStock\",\"seller\":{\"@type\":\"Organization\",\"name\":\"DocMorris Apotheke\"},\"priceSpecification\":[{\"@type\":\"UnitPriceSpecification\",\"priceType\":\"https://schema.org/StrikethroughPrice\",\"price\":13.45,\"priceCurrency\":\"EUR\"}],\"priceValidUntil\":\"9999-12-31T22:59:59+0000\"}}},{\"@type\":\"ListItem\",\"position\":4,\"item\":{\"@type\":\"Product\",\"@id\":\"https://www.docmorris.de/sinupret-extract/09285547\",\"name\":\"Sinupret eXtract 40 St\",\"description\":\"Sinupret eXtract 40 St - 40 St günstig online bestellen in der DocMorris online Apotheke. Schnelle Lieferung ✓ Sichere Zahlung ✓\",\"image\":\"https://statics.docmorris.de/static/produkte/FX5AZGC8/docmorris/ps300/sinupret-extract-40-st-09285547-0-1757401418696013.png\",\"url\":\"https://www.docmorris.de/sinupret-extract/09285547\",\"brand\":{\"@type\":\"Brand\",\"name\":\"Sinupret\"},\"aggregateRating\":{\"@type\":\"AggregateRating\",\"ratingValue\":4.68,\"bestRating\":\"5\",\"worstRating\":\"1\",\"ratingCount\":543},\"offers\":{\"@type\":\"Offer\",\"priceCurrency\":\"EUR\",\"price\":22.79,\"availability\":\"https://schema.org/InStock\",\"seller\":{\"@type\":\"Organization\",\"name\":\"DocMorris Apotheke\"},\"priceSpecification\":[{\"@type\":\"UnitPriceSpecification\",\"priceType\":\"https://schema.org/StrikethroughPrice\",\"price\":29.99,\"priceCurrency\":\"EUR\"}],\"priceValidUntil\":\"9999-12-31T22:59:59+0000\"}}},{\"@type\":\"ListItem\",\"position\":5,\"item\":{\"@type\":\"Product\",\"@id\":\"https://www.docmorris.de/grippostad-c-hartkapseln/00571748\",\"name\":\"Grippostad C Hartkapseln 24 St\",\"description\":\"Grippostad C Hartkapseln 24 St - 24 St günstig online bestellen in der DocMorris online Apotheke. Schnelle Lieferung ✓ Sichere Zahlung ✓\",\"image\":\"https://statics.docmorris.de/static/produkte/FX5WQKPB/docmorris/ps300/grippostad-c-hartkapseln-24-st-00571748-0-1713967319626705.jpeg\",\"url\":\"https://www.docmorris.de/grippostad-c-hartkapseln/00571748\",\"brand\":{\"@type\":\"Brand\",\"name\":\"Grippostad\"},\"aggregateRating\":{\"@type\":\"AggregateRating\",\"ratingValue\":4.69,\"bestRating\":\"5\",\"worstRating\":\"1\",\"ratingCount\":1336},\"offers\":{\"@type\":\"Offer\",\"priceCurrency\":\"EUR\",\"price\":9.99,\"availability\":\"https://schema.org/InStock\",\"seller\":{\"@type\":\"Organization\",\"name\":\"DocMorris Apotheke\"},\"priceSpecification\":[{\"@type\":\"UnitPriceSpecification\",\"priceType\":\"https://schema.org/StrikethroughPrice\",\"price\":16.99,\"priceCurrency\":\"EUR\"}],\"priceValidUntil\":\"9999-12-31T22:59:59+0000\"}}},{\"@type\":\"ListItem\",\"position\":6,\"item\":{\"@type\":\"Product\",\"@id\":\"https://www.docmorris.de/voltaren-schmerzgel-forte-232-mgg/11240397\",\"name\":\"Voltaren Schmerzgel forte 23,2 mg/g 180 g\",\"description\":\"Voltaren Schmerzgel forte 23,2 mg/g 180 g - 180 g günstig online bestellen in der DocMorris online Apotheke. Schnelle Lieferung ✓ Sichere Zahlung ✓\",\"image\":\"https://statics.docmorris.de/static/produkte/FX5U2BBF/docmorris/ps300/voltaren-schmerzgel-forte-23-2-mg-g-180-g-11240397-0-1740513661383403.jpg\",\"url\":\"https://www.docmorris.de/voltaren-schmerzgel-forte-232-mgg/11240397\",\"brand\":{\"@type\":\"Brand\",\"name\":\"Voltaren\"},\"aggregateRating\":{\"@type\":\"AggregateRating\",\"ratingValue\":4.71,\"bestRating\":\"5\",\"worstRating\":\"1\",\"ratingCount\":2003},\"offers\":{\"@type\":\"Offer\",\"priceCurrency\":\"EUR\",\"price\":24.99,\"availability\":\"https://schema.org/InStock\",\"seller\":{\"@type\":\"Organization\",\"name\":\"DocMorris Apotheke\"},\"priceSpecification\":[{\"@type\":\"UnitPriceSpecification\",\"priceType\":\"https://schema.org/StrikethroughPrice\",\"price\":34.9,\"priceCurrency\":\"EUR\"}],\"priceValidUntil\":\"9999-12-31T22:59:59+0000\"}}},{\"@type\":\"ListItem\",\"position\":7,\"item\":{\"@type\":\"Product\",\"@id\":\"https://www.docmorris.de/aspirin-complex-granulat/04114918\",\"name\":\"Aspirin Complex Granulat 20 St\",\"description\":\"Aspirin Complex Granulat 20 St - 20 St günstig online bestellen in der DocMorris online Apotheke. Schnelle Lieferung ✓ Sichere Zahlung ✓\",\"image\":\"https://statics.docmorris.de/static/produkte/FX5ZNJV7/docmorris/ps300/aspirin-complex-granulat-20-st-04114918-0-1751313639227119.jpg\",\"url\":\"https://www.docmorris.de/aspirin-complex-granulat/04114918\",\"brand\":{\"@type\":\"Brand\",\"name\":\"Aspirin\"},\"aggregateRating\":{\"@type\":\"AggregateRating\",\"ratingValue\":4.74,\"bestRating\":\"5\",\"worstRating\":\"1\",\"ratingCount\":1243},\"offers\":{\"@type\":\"Offer\",\"priceCurrency\":\"EUR\",\"price\":10.65,\"availability\":\"https://schema.org/InStock\",\"seller\":{\"@type\":\"Organization\",\"name\":\"DocMorris Apotheke\"},\"priceSpecification\":[{\"@type\":\"UnitPriceSpecification\",\"priceType\":\"https://schema.org/StrikethroughPrice\",\"price\":18.98,\"priceCurrency\":\"EUR\"}],\"priceValidUntil\":\"9999-12-31T22:59:59+0000\"}}},{\"@type\":\"ListItem\",\"position\":8,\"item\":{\"@type\":\"Product\",\"@id\":\"https://www.docmorris.de/ass-1001-a-pharma-tah-tabletten/06312077\",\"name\":\"ASS 100-1 A Pharma TAH Tabletten 100 St\",\"description\":\"ASS 100-1 A Pharma TAH Tabletten 100 St - 100 St günstig online bestellen in der DocMorris online Apotheke. Schnelle Lieferung ✓ Sichere Zahlung ✓\",\"image\":\"https://statics.docmorris.de/static/produkte/FX58U253/docmorris/ps300/ass-100-1-a-pharma-tah-tabletten-100-st-06312077-0-1765396821439280.jpg\",\"url\":\"https://www.docmorris.de/ass-1001-a-pharma-tah-tabletten/06312077\",\"brand\":{\"@type\":\"Brand\",\"name\":\"1 A Pharma\"},\"aggregateRating\":{\"@type\":\"AggregateRating\",\"ratingValue\":4.76,\"bestRating\":\"5\",\"worstRating\":\"1\",\"ratingCount\":735},\"offers\":{\"@type\":\"Offer\",\"priceCurrency\":\"EUR\",\"price\":1.49,\"availability\":\"https://schema.org/InStock\",\"seller\":{\"@type\":\"Organization\",\"name\":\"DocMorris Apotheke\"},\"priceSpecification\":[{\"@type\":\"UnitPriceSpecification\",\"priceType\":\"https://schema.org/StrikethroughPrice\",\"price\":2.8,\"priceCurrency\":\"EUR\"}],\"priceValidUntil\":\"9999-12-31T22:59:59+0000\"}}},{\"@type\":\"ListItem\",\"position\":9,\"item\":{\"@type\":\"Product\",\"@id\":\"https://www.docmorris.de/bepanthen-wund-und-heilsalbe/01578818\",\"name\":\"Bepanthen Wund- und Heilsalbe 50 g\",\"description\":\"Bepanthen Wund- und Heilsalbe 50 g - 50 g günstig online bestellen in der DocMorris online Apotheke. Schnelle Lieferung ✓ Sichere Zahlung ✓\",\"image\":\"https://statics.docmorris.de/static/produkte/FX5JKDBT/docmorris/ps300/bepanthen-wund-und-heilsalbe-50-g-01578818-0-1713969353015936.jpeg\",\"url\":\"https://www.docmorris.de/bepanthen-wund-und-heilsalbe/01578818\",\"brand\":{\"@type\":\"Brand\",\"name\":\"Bepanthen\"},\"aggregateRating\":{\"@type\":\"AggregateRating\",\"ratingValue\":4.85,\"bestRating\":\"5\",\"worstRating\":\"1\",\"ratingCount\":3544},\"offers\":{\"@type\":\"Offer\",\"priceCurrency\":\"EUR\",\"price\":9.29,\"availability\":\"https://schema.org/InStock\",\"seller\":{\"@type\":\"Organization\",\"name\":\"DocMorris Apotheke\"},\"priceSpecification\":[{\"@type\":\"UnitPriceSpecification\",\"priceType\":\"https://schema.org/StrikethroughPrice\",\"price\":12.89,\"priceCurrency\":\"EUR\"}],\"priceValidUntil\":\"9999-12-31T22:59:59+0000\"}}},{\"@type\":\"ListItem\",\"position\":10,\"item\":{\"@type\":\"Product\",\"@id\":\"https://www.docmorris.de/nasenspray-al-01/03929274\",\"name\":\"Nasenspray AL 0,1% 10 ml\",\"description\":\"Nasenspray AL 0,1% 10 ml - 10 ml günstig online bestellen in der DocMorris online Apotheke. Schnelle Lieferung ✓ Sichere Zahlung ✓\",\"image\":\"https://statics.docmorris.de/static/produkte/FX5ZLVI1/docmorris/ps300/nasenspray-al-0-1-10-ml-03929274-0-1756843238691033.jpg\",\"url\":\"https://www.docmorris.de/nasenspray-al-01/03929274\",\"brand\":{\"@type\":\"Brand\",\"name\":\"Aliud Pharma\"},\"aggregateRating\":{\"@type\":\"AggregateRating\",\"ratingValue\":4.77,\"bestRating\":\"5\",\"worstRating\":\"1\",\"ratingCount\":592},\"offers\":{\"@type\":\"Offer\",\"priceCurrency\":\"EUR\",\"price\":2.99,\"availability\":\"https://schema.org/InStock\",\"seller\":{\"@type\":\"Organization\",\"name\":\"DocMorris Apotheke\"},\"priceSpecification\":[{\"@type\":\"UnitPriceSpecification\",\"priceType\":\"https://schema.org/StrikethroughPrice\",\"price\":4.97,\"priceCurrency\":\"EUR\"}],\"priceValidUntil\":\"9999-12-31T22:59:59+0000\"}}},{\"@type\":\"ListItem\",\"position\":11,\"item\":{\"@type\":\"Product\",\"@id\":\"https://www.docmorris.de/iberogast-classic-fluessigkeit/16507534\",\"name\":\"Iberogast Classic Flüssigkeit 20 ml\",\"description\":\"Iberogast Classic Flüssigkeit 20 ml - 20 ml günstig online bestellen in der DocMorris online Apotheke. Schnelle Lieferung ✓ Sichere Zahlung ✓\",\"image\":\"https://statics.docmorris.de/static/produkte/LGGX4C9U/docmorris/ps300/iberogast-classic-fluessigkeit-20-ml-16507534-0-1755547274773159.jpg\",\"url\":\"https://www.docmorris.de/iberogast-classic-fluessigkeit/16507534\",\"brand\":{\"@type\":\"Brand\",\"name\":\"Iberogast\"},\"aggregateRating\":{\"@type\":\"AggregateRating\",\"ratingValue\":4.73,\"bestRating\":\"5\",\"worstRating\":\"1\",\"ratingCount\":1077},\"offers\":{\"@type\":\"Offer\",\"priceCurrency\":\"EUR\",\"price\":10.99,\"availability\":\"https://schema.org/InStock\",\"seller\":{\"@type\":\"Organization\",\"name\":\"DocMorris Apotheke\"},\"priceSpecification\":[{\"@type\":\"UnitPriceSpecification\",\"priceType\":\"https://schema.org/StrikethroughPrice\",\"price\":13.99,\"priceCurrency\":\"EUR\"}],\"priceValidUntil\":\"9999-12-31T22:59:59+0000\"}}},{\"@type\":\"ListItem\",\"position\":12,\"item\":{\"@type\":\"Product\",\"@id\":\"https://www.docmorris.de/ketozolin-2-shampoo/02837759\",\"name\":\"Ketozolin 2% Shampoo 120 ml\",\"description\":\"Ketozolin 2% Shampoo 120 ml - 120 ml günstig online bestellen in der DocMorris online Apotheke. Schnelle Lieferung ✓ Sichere Zahlung ✓\",\"image\":\"https://statics.docmorris.de/static/produkte/FX5QYBJ8/docmorris/ps300/ketozolin-2-shampoo-120-ml-02837759-0-1763711653558463.jpg\",\"url\":\"https://www.docmorris.de/ketozolin-2-shampoo/02837759\",\"brand\":{\"@type\":\"Brand\",\"name\":\"Ketozolin\"},\"aggregateRating\":{\"@type\":\"AggregateRating\",\"ratingValue\":4.69,\"bestRating\":\"5\",\"worstRating\":\"1\",\"ratingCount\":229},\"offers\":{\"@type\":\"Offer\",\"priceCurrency\":\"EUR\",\"price\":14.89,\"availability\":\"https://schema.org/InStock\",\"seller\":{\"@type\":\"Organization\",\"name\":\"DocMorris Apotheke\"},\"priceSpecification\":[{\"@type\":\"UnitPriceSpecification\",\"priceType\":\"https://schema.org/StrikethroughPrice\",\"price\":19.9,\"priceCurrency\":\"EUR\"}],\"priceValidUntil\":\"9999-12-31T22:59:59+0000\"}}},{\"@type\":\"ListItem\",\"position\":13,\"item\":{\"@type\":\"Product\",\"@id\":\"https://www.docmorris.de/ibu-400-akut/03045316\",\"name\":\"Ibu 400 akut 50 St\",\"description\":\"Ibu 400 akut 50 St - 50 St günstig online bestellen in der DocMorris online Apotheke. Schnelle Lieferung ✓ Sichere Zahlung ✓\",\"image\":\"https://statics.docmorris.de/static/produkte/FX5Q2QLR/docmorris/ps300/ibu-400-akut-50-st-03045316-0-1745352026296987.jpg\",\"url\":\"https://www.docmorris.de/ibu-400-akut/03045316\",\"brand\":{\"@type\":\"Brand\",\"name\":\"1 A Pharma\"},\"aggregateRating\":{\"@type\":\"AggregateRating\",\"ratingValue\":4.78,\"bestRating\":\"5\",\"worstRating\":\"1\",\"ratingCount\":482},\"offers\":{\"@type\":\"Offer\",\"priceCurrency\":\"EUR\",\"price\":5.59,\"availability\":\"https://schema.org/InStock\",\"seller\":{\"@type\":\"Organization\",\"name\":\"DocMorris Apotheke\"},\"priceSpecification\":[{\"@type\":\"UnitPriceSpecification\",\"priceType\":\"https://schema.org/StrikethroughPrice\",\"price\":10.42,\"priceCurrency\":\"EUR\"}],\"priceValidUntil\":\"9999-12-31T22:59:59+0000\"}}},{\"@type\":\"ListItem\",\"position\":14,\"item\":{\"@type\":\"Product\",\"@id\":\"https://www.docmorris.de/wick-medinait-erkaeltungssirup/01689009\",\"name\":\"WICK MediNait Erkältungssirup 180 ml\",\"description\":\"WICK MediNait Erkältungssirup 180 ml - 180 ml günstig online bestellen in der DocMorris online Apotheke. Schnelle Lieferung ✓ Sichere Zahlung ✓\",\"image\":\"https://statics.docmorris.de/static/produkte/FX5SSO76/docmorris/ps300/wick-medinait-erkaeltungssirup-180-ml-01689009-0-1741704562341794.jpeg\",\"url\":\"https://www.docmorris.de/wick-medinait-erkaeltungssirup/01689009\",\"brand\":{\"@type\":\"Brand\",\"name\":\"WICK\"},\"aggregateRating\":{\"@type\":\"AggregateRating\",\"ratingValue\":4.76,\"bestRating\":\"5\",\"worstRating\":\"1\",\"ratingCount\":1202},\"offers\":{\"@type\":\"Offer\",\"priceCurrency\":\"EUR\",\"price\":16.99,\"availability\":\"https://schema.org/InStock\",\"seller\":{\"@type\":\"Organization\",\"name\":\"DocMorris Apotheke\"},\"priceSpecification\":[{\"@type\":\"UnitPriceSpecification\",\"priceType\":\"https://schema.org/StrikethroughPrice\",\"price\":25.49,\"priceCurrency\":\"EUR\"}],\"priceValidUntil\":\"9999-12-31T22:59:59+0000\"}}},{\"@type\":\"ListItem\",\"position\":15,\"item\":{\"@type\":\"Product\",\"@id\":\"https://www.docmorris.de/magnesium-verla-n-dragees/04911945\",\"name\":\"Magnesium Verla N Dragees 200 St\",\"description\":\"Magnesium Verla N Dragees 200 St - 200 St günstig online bestellen in der DocMorris online Apotheke. Schnelle Lieferung ✓ Sichere Zahlung ✓\",\"image\":\"https://statics.docmorris.de/static/produkte/FX5K73KW/docmorris/ps300/magnesium-verla-n-dragees-200-st-04911945-0-1714027178475510.jpeg\",\"url\":\"https://www.docmorris.de/magnesium-verla-n-dragees/04911945\",\"brand\":{\"@type\":\"Brand\",\"name\":\"Verla\"},\"aggregateRating\":{\"@type\":\"AggregateRating\",\"ratingValue\":4.79,\"bestRating\":\"5\",\"worstRating\":\"1\",\"ratingCount\":903},\"offers\":{\"@type\":\"Offer\",\"priceCurrency\":\"EUR\",\"price\":13.99,\"availability\":\"https://schema.org/InStock\",\"seller\":{\"@type\":\"Organization\",\"name\":\"DocMorris Apotheke\"},\"priceSpecification\":[{\"@type\":\"UnitPriceSpecification\",\"priceType\":\"https://schema.org/StrikethroughPrice\",\"price\":18.99,\"priceCurrency\":\"EUR\"}],\"priceValidUntil\":\"9999-12-31T22:59:59+0000\"}}},{\"@type\":\"ListItem\",\"position\":16,\"item\":{\"@type\":\"Product\",\"@id\":\"https://www.docmorris.de/elmex-gelee-zahngel-mit-fluorid/03120822\",\"name\":\"Elmex Gelee Zahngel mit Fluorid 25 g\",\"description\":\"Elmex Gelee Zahngel mit Fluorid 25 g - 25 g günstig online bestellen in der DocMorris online Apotheke. Schnelle Lieferung ✓ Sichere Zahlung ✓\",\"image\":\"https://statics.docmorris.de/static/produkte/FX5LEOCV/docmorris/ps300/elmex-gelee-zahngel-mit-fluorid-25-g-03120822-0-1744270672852244.jpg\",\"url\":\"https://www.docmorris.de/elmex-gelee-zahngel-mit-fluorid/03120822\",\"brand\":{\"@type\":\"Brand\",\"name\":\"elmex\"},\"aggregateRating\":{\"@type\":\"AggregateRating\",\"ratingValue\":4.53,\"bestRating\":\"5\",\"worstRating\":\"1\",\"ratingCount\":529},\"offers\":{\"@type\":\"Offer\",\"priceCurrency\":\"EUR\",\"price\":13.99,\"availability\":\"https://schema.org/InStock\",\"seller\":{\"@type\":\"Organization\",\"name\":\"DocMorris Apotheke\"},\"priceSpecification\":[{\"@type\":\"UnitPriceSpecification\",\"priceType\":\"https://schema.org/StrikethroughPrice\",\"price\":17.98,\"priceCurrency\":\"EUR\"}],\"priceValidUntil\":\"9999-12-31T22:59:59+0000\"}}},{\"@type\":\"ListItem\",\"position\":17,\"item\":{\"@type\":\"Product\",\"@id\":\"https://www.docmorris.de/vigantol-1000-ie-vitamin-d3-tabletten/13155690\",\"name\":\"VIGANTOL 1000 I.E. Vitamin D3 Tabletten 200 St\",\"description\":\"VIGANTOL 1000 I.E. Vitamin D3 Tabletten 200 St - 200 St günstig online bestellen in der DocMorris online Apotheke. Schnelle Lieferung ✓ Sichere Zahlung ✓\",\"image\":\"https://statics.docmorris.de/static/produkte/FX5AW3BS/docmorris/ps300/vigantol-1000-i-e-vitamin-d3-tabletten-200-st-13155690-0-1765529485920332.png\",\"url\":\"https://www.docmorris.de/vigantol-1000-ie-vitamin-d3-tabletten/13155690\",\"brand\":{\"@type\":\"Brand\",\"name\":\"Vigantol\"},\"aggregateRating\":{\"@type\":\"AggregateRating\",\"ratingValue\":4.71,\"bestRating\":\"5\",\"worstRating\":\"1\",\"ratingCount\":375},\"offers\":{\"@type\":\"Offer\",\"priceCurrency\":\"EUR\",\"price\":12.99,\"availability\":\"https://schema.org/InStock\",\"seller\":{\"@type\":\"Organization\",\"name\":\"DocMorris Apotheke\"},\"priceSpecification\":[{\"@type\":\"UnitPriceSpecification\",\"priceType\":\"https://schema.org/StrikethroughPrice\",\"price\":17.47,\"priceCurrency\":\"EUR\"}],\"priceValidUntil\":\"9999-12-31T22:59:59+0000\"}}},{\"@type\":\"ListItem\",\"position\":18,\"item\":{\"@type\":\"Product\",\"@id\":\"https://www.docmorris.de/ciclopoli-gegen-nagelpilz/08907142\",\"name\":\"Ciclopoli gegen Nagelpilz 6,6 ml\",\"description\":\"Ciclopoli gegen Nagelpilz 6,6 ml - 6,6 ml günstig online bestellen in der DocMorris online Apotheke. Schnelle Lieferung ✓ Sichere Zahlung ✓\",\"image\":\"https://statics.docmorris.de/static/produkte/FX5PGI2E/docmorris/ps300/ciclopoli-gegen-nagelpilz-6-6-ml-08907142-0-1742462761884274.jpeg\",\"url\":\"https://www.docmorris.de/ciclopoli-gegen-nagelpilz/08907142\",\"brand\":{\"@type\":\"Brand\",\"name\":\"Ciclopoli\"},\"aggregateRating\":{\"@type\":\"AggregateRating\",\"ratingValue\":4.19,\"bestRating\":\"5\",\"worstRating\":\"1\",\"ratingCount\":932},\"offers\":{\"@type\":\"Offer\",\"priceCurrency\":\"EUR\",\"price\":33.99,\"availability\":\"https://schema.org/InStock\",\"seller\":{\"@type\":\"Organization\",\"name\":\"DocMorris Apotheke\"},\"priceSpecification\":[{\"@type\":\"UnitPriceSpecification\",\"priceType\":\"https://schema.org/StrikethroughPrice\",\"price\":46.98,\"priceCurrency\":\"EUR\"}],\"priceValidUntil\":\"9999-12-31T22:59:59+0000\"}}},{\"@type\":\"ListItem\",\"position\":19,\"item\":{\"@type\":\"Product\",\"@id\":\"https://www.docmorris.de/acc-akut-600-hustenloeser/00520917\",\"name\":\"ACC akut 600 Hustenlöser 40 St\",\"description\":\"ACC akut 600 Hustenlöser 40 St - 40 St günstig online bestellen in der DocMorris online Apotheke. Schnelle Lieferung ✓ Sichere Zahlung ✓\",\"image\":\"https://statics.docmorris.de/static/produkte/FX500P77/docmorris/ps300/acc-akut-600-hustenloeser-40-st-00520917-0-1728465834819722.jpeg\",\"url\":\"https://www.docmorris.de/acc-akut-600-hustenloeser/00520917\",\"brand\":{\"@type\":\"Brand\",\"name\":\"ACC\"},\"aggregateRating\":{\"@type\":\"AggregateRating\",\"ratingValue\":4.72,\"bestRating\":\"5\",\"worstRating\":\"1\",\"ratingCount\":1414},\"offers\":{\"@type\":\"Offer\",\"priceCurrency\":\"EUR\",\"price\":19.75,\"availability\":\"https://schema.org/InStock\",\"seller\":{\"@type\":\"Organization\",\"name\":\"DocMorris Apotheke\"},\"priceSpecification\":[{\"@type\":\"UnitPriceSpecification\",\"priceType\":\"https://schema.org/StrikethroughPrice\",\"price\":36.96,\"priceCurrency\":\"EUR\"}],\"priceValidUntil\":\"9999-12-31T22:59:59+0000\"}}},{\"@type\":\"ListItem\",\"position\":20,\"item\":{\"@type\":\"Product\",\"@id\":\"https://www.docmorris.de/ibuhexal-akut-400/03161577\",\"name\":\"IBUHEXAL AKUT 400 50 St\",\"description\":\"IBUHEXAL AKUT 400 50 St - 50 St günstig online bestellen in der DocMorris online Apotheke. Schnelle Lieferung ✓ Sichere Zahlung ✓\",\"image\":\"https://statics.docmorris.de/static/produkte/FX5JU02P/docmorris/ps300/ibuhexal-akut-400-50-st-03161577-0-1746216029287573.png\",\"url\":\"https://www.docmorris.de/ibuhexal-akut-400/03161577\",\"brand\":{\"@type\":\"Brand\",\"name\":\"IbuHEXAL\"},\"aggregateRating\":{\"@type\":\"AggregateRating\",\"ratingValue\":4.74,\"bestRating\":\"5\",\"worstRating\":\"1\",\"ratingCount\":614},\"offers\":{\"@type\":\"Offer\",\"priceCurrency\":\"EUR\",\"price\":5.59,\"availability\":\"https://schema.org/InStock\",\"seller\":{\"@type\":\"Organization\",\"name\":\"DocMorris Apotheke\"},\"priceSpecification\":[{\"@type\":\"UnitPriceSpecification\",\"priceType\":\"https://schema.org/StrikethroughPrice\",\"price\":13.45,\"priceCurrency\":\"EUR\"}],\"priceValidUntil\":\"9999-12-31T22:59:59+0000\"}}},{\"@type\":\"ListItem\",\"position\":21,\"item\":{\"@type\":\"Product\",\"@id\":\"https://www.docmorris.de/imodium-akut-lingual-schmelztabletten-bei-akutem-durchfall/01689854\",\"name\":\"Imodium akut lingual Schmelztabletten bei akutem Durchfall 12 St\",\"description\":\"Imodium akut lingual Schmelztabletten bei akutem Durchfall 12 St - 12 St günstig online bestellen in der DocMorris online Apotheke. Schnelle Lieferung ✓ Sichere Zahlung ✓\",\"image\":\"https://statics.docmorris.de/static/produkte/FX5Q7GZG/docmorris/ps300/imodium-akut-lingual-schmelztabletten-bei-akutem-d-01689854-0-1743072907051231.jpeg\",\"url\":\"https://www.docmorris.de/imodium-akut-lingual-schmelztabletten-bei-akutem-durchfall/01689854\",\"brand\":{\"@type\":\"Brand\",\"name\":\"Imodium\"},\"aggregateRating\":{\"@type\":\"AggregateRating\",\"ratingValue\":4.79,\"bestRating\":\"5\",\"worstRating\":\"1\",\"ratingCount\":501},\"offers\":{\"@type\":\"Offer\",\"priceCurrency\":\"EUR\",\"price\":10.99,\"availability\":\"https://schema.org/InStock\",\"seller\":{\"@type\":\"Organization\",\"name\":\"DocMorris Apotheke\"},\"priceSpecification\":[{\"@type\":\"UnitPriceSpecification\",\"priceType\":\"https://schema.org/StrikethroughPrice\",\"price\":15.29,\"priceCurrency\":\"EUR\"}],\"priceValidUntil\":\"9999-12-31T22:59:59+0000\"}}},{\"@type\":\"ListItem\",\"position\":22,\"item\":{\"@type\":\"Product\",\"@id\":\"https://www.docmorris.de/gelomyrtol-forte/01479157\",\"name\":\"GeloMyrtol forte 20 St\",\"description\":\"GeloMyrtol forte 20 St - 20 St günstig online bestellen in der DocMorris online Apotheke. Schnelle Lieferung ✓ Sichere Zahlung ✓\",\"image\":\"https://statics.docmorris.de/static/produkte/FX5NKR8W/docmorris/ps300/gelomyrtol-forte-20-st-01479157-0-1727121612620493.jpg\",\"url\":\"https://www.docmorris.de/gelomyrtol-forte/01479157\",\"brand\":{\"@type\":\"Brand\",\"name\":\"GeloMyrtol\"},\"aggregateRating\":{\"@type\":\"AggregateRating\",\"ratingValue\":4.73,\"bestRating\":\"5\",\"worstRating\":\"1\",\"ratingCount\":1191},\"offers\":{\"@type\":\"Offer\",\"priceCurrency\":\"EUR\",\"price\":10.99,\"availability\":\"https://schema.org/InStock\",\"seller\":{\"@type\":\"Organization\",\"name\":\"DocMorris Apotheke\"},\"priceSpecification\":[{\"@type\":\"UnitPriceSpecification\",\"priceType\":\"https://schema.org/StrikethroughPrice\",\"price\":15.2,\"priceCurrency\":\"EUR\"}],\"priceValidUntil\":\"9999-12-31T22:59:59+0000\"}}},{\"@type\":\"ListItem\",\"position\":23,\"item\":{\"@type\":\"Product\",\"@id\":\"https://www.docmorris.de/minoxidil-doppelherzpharma-50-mgml-loesung/17268563\",\"name\":\"MINOXIDIL DoppelherzPharma 50 mg/ml Lösung 3X60 ml\",\"description\":\"MINOXIDIL DoppelherzPharma 50 mg/ml Lösung 3X60 ml - 3X60 ml günstig online bestellen in der DocMorris online Apotheke. Schnelle Lieferung ✓ Sichere Zahlung ✓\",\"image\":\"https://statics.docmorris.de/static/produkte/LG0TAW3U/docmorris/ps300/minoxidil-doppelherzpharma-50-mg-ml-loesung-180-ml-17268563-0-1741809633275951.png\",\"url\":\"https://www.docmorris.de/minoxidil-doppelherzpharma-50-mgml-loesung/17268563\",\"brand\":{\"@type\":\"Brand\",\"name\":\"Doppelherz\"},\"aggregateRating\":{\"@type\":\"AggregateRating\",\"ratingValue\":3.79,\"bestRating\":\"5\",\"worstRating\":\"1\",\"ratingCount\":14},\"offers\":{\"@type\":\"Offer\",\"priceCurrency\":\"EUR\",\"price\":35.99,\"availability\":\"https://schema.org/InStock\",\"seller\":{\"@type\":\"Organization\",\"name\":\"DocMorris Apotheke\"},\"priceSpecification\":[{\"@type\":\"UnitPriceSpecification\",\"priceType\":\"https://schema.org/StrikethroughPrice\",\"price\":46.96,\"priceCurrency\":\"EUR\"}],\"priceValidUntil\":\"9999-12-31T22:59:59+0000\"}}},{\"@type\":\"ListItem\",\"position\":24,\"item\":{\"@type\":\"Product\",\"@id\":\"https://www.docmorris.de/paracetamol-al-500/06718342\",\"name\":\"Paracetamol AL 500 20 St\",\"description\":\"Paracetamol AL 500 20 St - 20 St günstig online bestellen in der DocMorris online Apotheke. Schnelle Lieferung ✓ Sichere Zahlung ✓\",\"image\":\"https://statics.docmorris.de/static/produkte/FX566QTS/docmorris/ps300/paracetamol-al-500-20-st-06718342-0-1755892847120961.jpg\",\"url\":\"https://www.docmorris.de/paracetamol-al-500/06718342\",\"brand\":{\"@type\":\"Brand\",\"name\":\"Aliud Pharma\"},\"aggregateRating\":{\"@type\":\"AggregateRating\",\"ratingValue\":4.73,\"bestRating\":\"5\",\"worstRating\":\"1\",\"ratingCount\":255},\"offers\":{\"@type\":\"Offer\",\"priceCurrency\":\"EUR\",\"price\":1.19,\"availability\":\"https://schema.org/InStock\",\"seller\":{\"@type\":\"Organization\",\"name\":\"DocMorris Apotheke\"},\"priceSpecification\":[{\"@type\":\"UnitPriceSpecification\",\"priceType\":\"https://schema.org/StrikethroughPrice\",\"price\":2.15,\"priceCurrency\":\"EUR\"}],\"priceValidUntil\":\"9999-12-31T22:59:59+0000\"}}},{\"@type\":\"ListItem\",\"position\":25,\"item\":{\"@type\":\"Product\",\"@id\":\"https://www.docmorris.de/nasenspray-ratiopharm-kinder-konservierungsmittelfrei/00999854\",\"name\":\"Nasenspray ratiopharm Kinder konservierungsmittelfrei 10 ml\",\"description\":\"Nasenspray ratiopharm Kinder konservierungsmittelfrei 10 ml - 10 ml günstig online bestellen in der DocMorris online Apotheke. Schnelle Lieferung ✓ Sichere Zahlung ✓\",\"image\":\"https://statics.docmorris.de/static/produkte/FX5RXB9F/docmorris/ps300/nasenspray-ratiopharm-kinder-konservierungsmittelf-00999854-0-1713968231356329.jpeg\",\"url\":\"https://www.docmorris.de/nasenspray-ratiopharm-kinder-konservierungsmittelfrei/00999854\",\"brand\":{\"@type\":\"Brand\",\"name\":\"Ratiopharm\"},\"aggregateRating\":{\"@type\":\"AggregateRating\",\"ratingValue\":4.83,\"bestRating\":\"5\",\"worstRating\":\"1\",\"ratingCount\":324},\"offers\":{\"@type\":\"Offer\",\"priceCurrency\":\"EUR\",\"price\":2.79,\"availability\":\"https://schema.org/InStock\",\"seller\":{\"@type\":\"Organization\",\"name\":\"DocMorris Apotheke\"},\"priceSpecification\":[{\"@type\":\"UnitPriceSpecification\",\"priceType\":\"https://schema.org/StrikethroughPrice\",\"price\":4.24,\"priceCurrency\":\"EUR\"}],\"priceValidUntil\":\"9999-12-31T22:59:59+0000\"}}},{\"@type\":\"ListItem\",\"position\":26,\"item\":{\"@type\":\"Product\",\"@id\":\"https://www.docmorris.de/regaine-maenner-schaum-mit-minoxidil/09100275\",\"name\":\"Regaine Männer Schaum mit Minoxidil 3X60 ml\",\"description\":\"Regaine Männer Schaum mit Minoxidil 3X60 ml - 3X60 ml günstig online bestellen in der DocMorris online Apotheke. Schnelle Lieferung ✓ Sichere Zahlung ✓\",\"image\":\"https://statics.docmorris.de/static/produkte/FX5M8VWS/docmorris/ps300/regaine-maenner-schaum-mit-minoxidil-3x60-ml-09100275-0-1757325595971855.jpg\",\"url\":\"https://www.docmorris.de/regaine-maenner-schaum-mit-minoxidil/09100275\",\"brand\":{\"@type\":\"Brand\",\"name\":\"Regaine\"},\"aggregateRating\":{\"@type\":\"AggregateRating\",\"ratingValue\":4.43,\"bestRating\":\"5\",\"worstRating\":\"1\",\"ratingCount\":191},\"offers\":{\"@type\":\"Offer\",\"priceCurrency\":\"EUR\",\"price\":61.49,\"availability\":\"https://schema.org/InStock\",\"seller\":{\"@type\":\"Organization\",\"name\":\"DocMorris Apotheke\"},\"priceSpecification\":[{\"@type\":\"UnitPriceSpecification\",\"priceType\":\"https://schema.org/StrikethroughPrice\",\"price\":81.98,\"priceCurrency\":\"EUR\"}],\"priceValidUntil\":\"9999-12-31T22:59:59+0000\"}}},{\"@type\":\"ListItem\",\"position\":27,\"item\":{\"@type\":\"Product\",\"@id\":\"https://www.docmorris.de/vomex-a-dragees/04274616\",\"name\":\"Vomex A Dragees 20 St\",\"description\":\"Vomex A Dragees 20 St - 20 St günstig online bestellen in der DocMorris online Apotheke. Schnelle Lieferung ✓ Sichere Zahlung ✓\",\"image\":\"https://statics.docmorris.de/static/produkte/FX58TLEU/docmorris/ps300/vomex-a-dragees-20-st-04274616-0-1721678426138338.jpg\",\"url\":\"https://www.docmorris.de/vomex-a-dragees/04274616\",\"brand\":{\"@type\":\"Brand\",\"name\":\"Vomex A\"},\"aggregateRating\":{\"@type\":\"AggregateRating\",\"ratingValue\":4.68,\"bestRating\":\"5\",\"worstRating\":\"1\",\"ratingCount\":216},\"offers\":{\"@type\":\"Offer\",\"priceCurrency\":\"EUR\",\"price\":6.79,\"availability\":\"https://schema.org/InStock\",\"seller\":{\"@type\":\"Organization\",\"name\":\"DocMorris Apotheke\"},\"priceSpecification\":[{\"@type\":\"UnitPriceSpecification\",\"priceType\":\"https://schema.org/StrikethroughPrice\",\"price\":9.34,\"priceCurrency\":\"EUR\"}],\"priceValidUntil\":\"9999-12-31T22:59:59+0000\"}}},{\"@type\":\"ListItem\",\"position\":28,\"item\":{\"@type\":\"Product\",\"@id\":\"https://www.docmorris.de/ibu-lysin-ratiopharm-400-mg-mit-ibuprofen/16197884\",\"name\":\"IBU LYSIN ratiopharm 400 mg mit Ibuprofen 50 St\",\"description\":\"IBU LYSIN ratiopharm 400 mg mit Ibuprofen 50 St - 50 St günstig online bestellen in der DocMorris online Apotheke. Schnelle Lieferung ✓ Sichere Zahlung ✓\",\"image\":\"https://statics.docmorris.de/static/produkte/FX5E7EPM/docmorris/ps300/ibu-lysin-ratiopharm-400-mg-mit-ibuprofen-50-st-16197884-0-1729601498227971.jpeg\",\"url\":\"https://www.docmorris.de/ibu-lysin-ratiopharm-400-mg-mit-ibuprofen/16197884\",\"brand\":{\"@type\":\"Brand\",\"name\":\"Ratiopharm\"},\"aggregateRating\":{\"@type\":\"AggregateRating\",\"ratingValue\":4.82,\"bestRating\":\"5\",\"worstRating\":\"1\",\"ratingCount\":259},\"offers\":{\"@type\":\"Offer\",\"priceCurrency\":\"EUR\",\"price\":10.89,\"availability\":\"https://schema.org/InStock\",\"seller\":{\"@type\":\"Organization\",\"name\":\"DocMorris Apotheke\"},\"priceSpecification\":[{\"@type\":\"UnitPriceSpecification\",\"priceType\":\"https://schema.org/StrikethroughPrice\",\"price\":21.8,\"priceCurrency\":\"EUR\"}],\"priceValidUntil\":\"9999-12-31T22:59:59+0000\"}}}]}]","navigationMenu":[{"label":"Kategorien","type":"MenuItem","hidden":false,"maskLink":false,"path":"/lp/produkte","items":[{"label":"Links - Kategorien - Column 1","type":"Column","hidden":false,"maskLink":false,"items":[{"label":"Kategorien","type":"Headline","hidden":false,"maskLink":false,"path":"/lp/produkte","items":[]},{"label":"Unsere Eigenmarke","type":"Text","hidden":false,"maskLink":false,"path":"/marken/docmorris","items":[]},{"label":"Arzneimittel \u0026 Gesundheit","type":"Text","hidden":false,"maskLink":false,"path":"/arzneimittel-gesundheit","items":[]},{"label":"Beauty \u0026 Pflege","type":"Text","hidden":false,"maskLink":false,"path":"/beauty-pflege","items":[]},{"label":"Bücher \u0026 Ratgeber","type":"Text","hidden":false,"maskLink":false,"path":"/buecher-ratgeber","items":[]},{"label":"Kinder \u0026 Familie","type":"Text","hidden":false,"maskLink":false,"path":"/kinder-familie","items":[]},{"label":"Sanitätshaus","type":"Text","hidden":false,"maskLink":false,"path":"/sanitaetshaus","items":[]},{"label":"Tiergesundheit \u0026 Tierbedarf","type":"Text","hidden":false,"maskLink":false,"path":"/tiergesundheit-tierbedarf","items":[]},{"label":"Vitamine, Sport \u0026 Ernährung","type":"Text","hidden":false,"maskLink":false,"path":"/vitamine-sport-ernaehrung","items":[]}]},{"label":"Links - Beliebt - Column 2","type":"Column","hidden":false,"maskLink":false,"items":[{"label":"Beliebt","type":"Headline","hidden":false,"maskLink":false,"path":"/","items":[]},{"label":"Rezept-Bonus","type":"Text","hidden":false,"maskLink":false,"path":"/rezepte","items":[]},{"label":"Unsere Topseller","type":"Text","hidden":false,"maskLink":false,"path":"/angebote/top-seller","items":[]},{"label":"Sparsets","type":"Text","hidden":false,"maskLink":false,"path":"/angebote/sparsets","items":[]},{"label":"Erkältung","type":"Text","hidden":false,"maskLink":false,"path":"/arzneimittel-gesundheit/erkaeltung-grippe","items":[]},{"label":"Markenshops","type":"Text","hidden":false,"maskLink":false,"path":"/marken","items":[]},{"label":"Nachhaltige Marken","type":"Text","hidden":false,"maskLink":false,"path":"/lp/nachhaltigkeit","items":[]},{"label":"Pharmazeutische Beratung","type":"Text","hidden":false,"maskLink":false,"path":"/lp/pharmazeutische-beratung","items":[]},{"label":"Hilfe \u0026 Kontakt","type":"Text","hidden":false,"maskLink":false,"path":"/hilfe-kontakt","items":[]}]},{"label":"Flyout - Column 3","type":"Column","hidden":false,"maskLink":false,"items":[{"banner":{"name":"D-15945-Nicorette-fly.webp","url":"https://statics.docmorris-plus.de/static/docmorris/cms/d_15945_nicorette_fly_f7e55bbb70.webp","mime":"image/webp","width":524,"height":696,"previewUrl":null},"label":"D-15945-Nicorette","type":"Image","hidden":false,"maskLink":false,"path":"/nicorette-mint-spray-3-doppelp/80023736","items":[]}]},{"label":"Flyout - Column 4","type":"Column","hidden":false,"maskLink":false,"items":[{"banner":{"name":"D-16686-OrthomolPro6-fly.webp","url":"https://statics.docmorris-plus.de/static/docmorris/cms/d_16686_orthomol_pro6_fly_c9c9f556ee.webp","mime":"image/webp","width":524,"height":696,"previewUrl":null},"label":"D-16686-OrthomolPro6","type":"Image","hidden":false,"maskLink":false,"path":"/orthomol-pro-6-kapsel/17839445","items":[]}]}]},{"label":"Angebote","type":"MenuItem","icon":"percentage","hidden":false,"maskLink":false,"path":"/angebote","items":[{"label":"Links - Angebote - Column 1","type":"Column","hidden":false,"maskLink":false,"items":[{"label":"Angebote","type":"Headline","icon":"percentage","hidden":false,"maskLink":false,"path":"/angebote","items":[]},{"label":"Stark reduziert","type":"Text","hidden":false,"maskLink":false,"path":"/angebote/stark-reduziert","items":[]},{"label":"Topseller","type":"Text","hidden":false,"maskLink":false,"path":"/angebote/top-seller","items":[]},{"label":"Sparsets","type":"Text","hidden":false,"maskLink":false,"path":"/angebote/sparsets","items":[]},{"label":"Couponartikel","type":"Text","hidden":false,"maskLink":false,"path":"/angebote/couponartikel","items":[]}]},{"label":"Links - EMPTY - Column 2","type":"Column","hidden":false,"maskLink":false,"items":[]},{"label":"Flyout - Column 3","type":"Column","hidden":false,"maskLink":false,"items":[{"banner":{"name":"D-17724-Phytohustil-fly.webp","url":"https://statics.docmorris-plus.de/static/docmorris/cms/d_17724_phytohustil_fly_eedf51f204.webp","mime":"image/webp","width":524,"height":696,"previewUrl":null},"label":"D-17724-Phytohustil","type":"Image","hidden":false,"maskLink":false,"path":"/phytohustil-hustenreizstiller-sirup/00425478","items":[]}]},{"label":"Flyout - Column 4","type":"Column","hidden":false,"maskLink":false,"items":[{"banner":{"name":"D-18968-ACC-fly.webp","url":"https://statics.docmorris-plus.de/static/docmorris/cms/d_18968_acc_fly_dda8e21924.webp","mime":"image/webp","width":524,"height":696,"previewUrl":null},"label":"D-18968-ACC","type":"Image","hidden":false,"maskLink":false,"path":"/acc-akut-600-hustenloeser/00520917","items":[]}]}]},{"label":"Medikamente","type":"MenuItem","hidden":true,"maskLink":false,"path":"/arzneimittel-gesundheit","items":[{"label":"Medikamente - Column 1","type":"Column","hidden":false,"maskLink":false,"items":[{"label":"Medikamente","type":"Headline","hidden":false,"maskLink":false,"path":"/arzneimittel-gesundheit","items":[]},{"label":"Allergie","type":"Text","hidden":false,"maskLink":false,"path":"/arzneimittel-gesundheit/allergie","items":[]},{"label":"Auge \u0026 Ohr","type":"Text","hidden":false,"maskLink":false,"path":"/arzneimittel-gesundheit/auge-ohr","items":[]},{"label":"Beruhigung, Schlaf \u0026 Stress","type":"Text","hidden":false,"maskLink":false,"path":"/arzneimittel-gesundheit/beruhigung-schlaf-stress","items":[]},{"label":"Blase, Niere \u0026 Prostata","type":"Text","hidden":false,"maskLink":false,"path":"/arzneimittel-gesundheit/blase-niere-prostata","items":[]},{"label":"Diabetes","type":"Text","hidden":false,"maskLink":false,"path":"/arzneimittel-gesundheit/diabetes","items":[]},{"label":"Erkältung \u0026 Grippe","type":"Text","hidden":false,"maskLink":false,"path":"/arzneimittel-gesundheit/erkaeltung-grippe","items":[]},{"label":"Frauengesundheit","type":"Text","hidden":false,"maskLink":false,"path":"/arzneimittel-gesundheit/frauengesundheit","items":[]},{"label":"Haus- \u0026 Reiseapotheke","type":"Text","hidden":false,"maskLink":false,"path":"/arzneimittel-gesundheit/haus-reiseapotheke","items":[]},{"label":"Haut, Haare \u0026 Nägel","type":"Text","hidden":false,"maskLink":false,"path":"/arzneimittel-gesundheit/haut-haare-naegel","items":[]}]},{"label":"Medikamente - Column 2","type":"Column","hidden":false,"maskLink":false,"items":[{"label":"Herz, Kreislauf \u0026 Gedächtnis","type":"Text","hidden":false,"maskLink":false,"path":"/arzneimittel-gesundheit/herz-kreislauf-gedaechtnis","items":[]},{"label":"Homöopathie \u0026 Natur","type":"Text","hidden":false,"maskLink":false,"path":"/arzneimittel-gesundheit/homoeopathie-natur","items":[]},{"label":"Liebe \u0026 Sexualität","type":"Text","hidden":false,"maskLink":false,"path":"/arzneimittel-gesundheit/liebe-sexualitaet","items":[]},{"label":"Magen, Darm \u0026 Verdauung","type":"Text","hidden":false,"maskLink":false,"path":"/arzneimittel-gesundheit/magen-darm-verdauung","items":[]},{"label":"Männergesundheit","type":"Text","hidden":false,"maskLink":false,"path":"/arzneimittel-gesundheit/maennergesundheit","items":[]},{"label":"Mund- \u0026 Zahngesundheit","type":"Text","hidden":false,"maskLink":false,"path":"/arzneimittel-gesundheit/mund-zahngesundheit","items":[]},{"label":"Muskeln, Knochen \u0026 Gelenke","type":"Text","hidden":false,"maskLink":false,"path":"/arzneimittel-gesundheit/muskeln-knochen-gelenke","items":[]},{"label":"Raucherentwöhnung","type":"Text","hidden":false,"maskLink":false,"path":"/arzneimittel-gesundheit/raucherentwoehnung","items":[]},{"label":"Schmerzmittel","type":"Text","hidden":false,"maskLink":false,"path":"/arzneimittel-gesundheit/schmerzmittel","items":[]},{"label":"Selbsttests","type":"Text","hidden":false,"maskLink":false,"path":"/arzneimittel-gesundheit/selbsttests","items":[]}]},{"label":"Flyout - Column 3","type":"Column","hidden":false,"maskLink":false,"items":[{"banner":{"name":"D-16929-RatioNasenspray-fly.webp","url":"https://statics.docmorris-plus.de/static/docmorris/cms/d_16929_ratio_nasenspray_fly_a2e1834b20.webp","mime":"image/webp","width":524,"height":696,"previewUrl":null},"label":"D-16929-Ratiopharm","type":"Image","hidden":false,"maskLink":false,"path":"/nasensprayratiopharm-erwachsene-bei-schnupfen/00999848","items":[]}]},{"label":"Flyout - Column 4","type":"Column","hidden":false,"maskLink":false,"items":[{"banner":{"name":"D-15575-Esoxx-fly.webp","url":"https://statics.docmorris-plus.de/static/docmorris/cms/d_15575_esoxx_fly_b2a3b8363b.webp","mime":"image/webp","width":524,"height":696,"previewUrl":null},"label":"D-15575-Esoxx One","type":"Image","hidden":false,"maskLink":false,"path":"/esoxx-one/19456257","items":[]}]}]},{"label":"Beauty \u0026 Pflege","type":"MenuItem","hidden":true,"maskLink":false,"path":"/beauty-pflege","items":[{"label":"Links - Beauty \u0026 Pflege - Column 1","type":"Column","hidden":false,"maskLink":false,"items":[{"label":"Beauty \u0026 Pflege","type":"Headline","hidden":false,"maskLink":false,"path":"/beauty-pflege","items":[]},{"label":"Beauty- \u0026 Pflegesets","type":"Text","hidden":false,"maskLink":false,"path":"/beauty-pflege/beauty-pflegesets","items":[]},{"label":"Gesicht","type":"Text","hidden":false,"maskLink":false,"path":"/beauty-pflege/gesicht","items":[]},{"label":"Haare","type":"Text","hidden":false,"maskLink":false,"path":"/beauty-pflege/haare","items":[]},{"label":"Körper","type":"Text","hidden":false,"maskLink":false,"path":"/beauty-pflege/koerper","items":[]},{"label":"Pflegeroutinen \u0026 Hautbedürfnisse","type":"Text","hidden":false,"maskLink":false,"path":"/lp/pflegeroutinen-hautbeduerfnisse","items":[]},{"label":"Naturkosmetik","type":"Text","hidden":false,"maskLink":false,"path":"/beauty-pflege/naturkosmetik","items":[]},{"label":"Adventskalender \u0026 Geschenksets","type":"Text","hidden":false,"maskLink":false,"path":"/lp/adventskalender-shoppen","items":[]},{"label":"Sonne \u0026 Schutz","type":"Text","hidden":false,"maskLink":false,"path":"/beauty-pflege/sonne-schutz","items":[]},{"label":"Dermatologische Hautpflege","type":"Text","hidden":false,"maskLink":false,"path":"/lp/dermatologische-hautpflege","items":[]}]},{"label":"Beliebte Marken - Column 2","type":"Column","hidden":false,"maskLink":false,"items":[{"label":"Beliebte Marken","type":"Headline","hidden":false,"maskLink":false,"path":"/marken","items":[]},{"label":"La Roche Posay","type":"Text","hidden":false,"maskLink":false,"path":"/marken/la-roche-posay","items":[]},{"label":"The Ordinary","type":"Text","hidden":false,"maskLink":false,"path":"/marken/the-ordinary","items":[]},{"label":"CeraVe","type":"Text","hidden":false,"maskLink":false,"path":"/marken/cerave","items":[]},{"label":"Bepanthen","type":"Text","hidden":false,"maskLink":false,"path":"/marken/bepanthen","items":[]},{"label":"Eucerin","type":"Text","hidden":false,"maskLink":false,"path":"/marken/eucerin","items":[]},{"label":"WELEDA","type":"Text","hidden":false,"maskLink":false,"path":"/marken/weleda","items":[]},{"label":"CLINIQUE","type":"Text","hidden":false,"maskLink":false,"path":"/marken/clinique","items":[]},{"label":"Cetaphil","type":"Text","hidden":false,"maskLink":false,"path":"/marken/cetaphil","items":[]},{"label":"Avène","type":"Text","hidden":false,"maskLink":false,"path":"/marken/avene","items":[]}]},{"label":"Flyout - Column 3","type":"Column","hidden":false,"maskLink":false,"items":[{"banner":{"name":"D-14353-ScandiBio-fly.webp","url":"https://statics.docmorris-plus.de/static/docmorris/cms/d_14353_scandi_bio_fly_3d7b7a61e9.webp","mime":"image/webp","width":524,"height":696,"previewUrl":null},"label":"D-14353-Scandinavian-Biolabs","type":"Image","hidden":false,"maskLink":false,"path":"/angebote/scandinavian-biolabs","items":[]}]},{"label":"Flyout - Column 4","type":"Column","hidden":false,"maskLink":false,"items":[{"banner":{"name":"dmr-BPC-always-on-hautpflege-fly.webp","url":"https://statics.docmorris-plus.de/static/docmorris/cms/dmr_bpc_always_on_hautpflege_fly_05f5dc408d.webp","mime":"image/webp","width":524,"height":696,"previewUrl":null},"label":"BPC always on","type":"Image","hidden":false,"maskLink":false,"path":"/lp/pflegeroutinen-hautbeduerfnisse","items":[]}]}]},{"label":"Ernährung","type":"MenuItem","hidden":true,"maskLink":false,"path":"/vitamine-sport-ernaehrung","items":[{"label":"Links - Ernährung - Column 1","type":"Column","hidden":false,"maskLink":false,"items":[{"label":"Vitamine, Sport \u0026 Ernährung","type":"Headline","hidden":false,"maskLink":false,"path":"/vitamine-sport-ernaehrung","items":[]},{"label":"Abnehmen","type":"Text","hidden":false,"maskLink":false,"path":"/vitamine-sport-ernaehrung/abnehmen","items":[]},{"label":"Ernährung","type":"Text","hidden":false,"maskLink":false,"path":"/vitamine-sport-ernaehrung/ernaehrung","items":[]},{"label":"Sport \u0026 Fitness","type":"Text","hidden":false,"maskLink":false,"path":"/vitamine-sport-ernaehrung/sport-fitness","items":[]},{"label":"Nahrungsergänzung","type":"Text","hidden":false,"maskLink":false,"path":"/vitamine-sport-ernaehrung/nahrungsergaenzung","items":[]}]},{"label":"Links - Ernährung - Column 2","type":"Column","hidden":false,"maskLink":false,"items":[{"label":"Beliebte Marken","type":"Headline","hidden":false,"maskLink":false,"path":"/marken","items":[]},{"label":"NEU - SPLMNT LAB","type":"Text","hidden":false,"maskLink":false,"path":"/marken/SPLMNT-LAB","items":[]},{"label":"OMNiBiOTiC","type":"Text","hidden":false,"maskLink":false,"path":"/marken/omni-biotic","items":[]},{"label":"Orthomol","type":"Text","hidden":false,"maskLink":false,"path":"/marken/orthomol","items":[]},{"label":"ELOTRANS","type":"Text","hidden":false,"maskLink":false,"path":"/marken/elotrans","items":[]},{"label":"Femibion","type":"Text","hidden":false,"maskLink":false,"path":"/marken/femibion","items":[]},{"label":"Fresubin","type":"Text","hidden":false,"maskLink":false,"path":"/marken/fresubin","items":[]},{"label":"VIGANTOL","type":"Text","hidden":false,"maskLink":false,"path":"/marken/vigantol","items":[]},{"label":"Vitasprint","type":"Text","hidden":false,"maskLink":false,"path":"/marken/vitasprint","items":[]}]},{"label":"Flyout - Column 3","type":"Column","hidden":false,"maskLink":false,"items":[{"banner":{"name":"D-18942-Orthomol-fly.webp","url":"https://statics.docmorris-plus.de/static/docmorris/cms/d_18942_orthomol_fly_d2abe8f11e.webp","mime":"image/webp","width":524,"height":696,"previewUrl":null},"label":"D-18942-Orthomol-Neuro","type":"Image","hidden":false,"maskLink":false,"path":"/orthomol-neuro-kapseln/19440925","items":[]}]},{"label":"Flyout - Column 4","type":"Column","hidden":false,"maskLink":false,"items":[{"banner":{"name":"dmr-splmnt-lab-fly.png","url":"https://statics.docmorris-plus.de/static/docmorris/cms/dmr_splmnt_lab_fly_00a462fce1.png","mime":"image/png","width":524,"height":696,"previewUrl":null},"label":"Eigenmarke SPLMNT LAB Immun","type":"Image","hidden":false,"maskLink":false,"path":"/marken/SPLMNT-LAB/Immunsystem-Darm","items":[]}]}]},{"label":"Online Arzt","type":"MenuItem","hidden":false,"maskLink":false,"path":"/online-arzt","items":[]},{"label":"Ratgeber","type":"MenuItem","hidden":false,"maskLink":false,"path":"/ratgeber","items":[{"label":"Links - Ratgeber - Column 1","type":"Column","hidden":false,"maskLink":false,"items":[{"label":"Ratgeber","type":"Headline","hidden":false,"maskLink":false,"path":"/ratgeber","items":[]},{"label":"Adipositas","type":"Text","hidden":false,"maskLink":false,"path":"/ratgeber/adipositas","items":[]},{"label":"Diabetes","type":"Text","hidden":false,"maskLink":false,"path":"/ratgeber/diabetes","items":[]},{"label":"Erektionsstörungen","type":"Text","hidden":false,"maskLink":false,"path":"/ratgeber/erektionsstoerungen","items":[]},{"label":"Asthma","type":"Text","hidden":false,"maskLink":false,"path":"/ratgeber/asthma","items":[]},{"label":"Nierengesundheit","type":"Text","hidden":false,"maskLink":false,"path":"/ratgeber/nierengesundheit","items":[]},{"label":"Weitere Bereiche","type":"Text","hidden":false,"maskLink":false,"path":"/ratgeber","items":[]},{"label":"Digitale Therapien","type":"Text","hidden":false,"maskLink":false,"path":"/ratgeber/diga-und-gesundheitsapps","items":[]},{"label":"Wirkstofflexikon","type":"Text","hidden":false,"maskLink":false,"path":"/ratgeber/wirkstofflexikon","items":[]}]},{"label":"Links - Ratgeber - Column 2","type":"Column","hidden":false,"maskLink":false,"items":[{"label":"Magazin","type":"Headline","hidden":false,"maskLink":false,"path":"/ratgeber/magazin","items":[]},{"label":"Krankheiten A-Z","type":"Text","hidden":false,"maskLink":false,"path":"/ratgeber/magazin/krankheiten","items":[]},{"label":"Symptomlexikon","type":"Text","hidden":false,"maskLink":false,"path":"http://www.docmorris.de/ratgeber/magazin/symptome","items":[]},{"label":"Haut, Haare \u0026 Nägel","type":"Text","hidden":false,"maskLink":false,"path":"/ratgeber/magazin/haut-haare-naegel","items":[]},{"label":"Ernährung","type":"Text","hidden":false,"maskLink":false,"path":"/ratgeber/magazin/ernaehrung","items":[]},{"label":"Schwangerschaft","type":"Text","hidden":false,"maskLink":false,"path":"http://www.docmorris.de/ratgeber/magazin/schwangerschaft","items":[]},{"label":"Baby \u0026 Kind","type":"Text","hidden":false,"maskLink":false,"path":"http://www.docmorris.de/ratgeber/magazin/baby-kind","items":[]},{"label":"Wohlfühlen \u0026 Fitness","type":"Text","hidden":false,"maskLink":false,"path":"/ratgeber/magazin/wohlfuehlen","items":[]},{"label":"Tiergesundheit","type":"Text","hidden":false,"maskLink":false,"path":"/ratgeber/magazin/tiergesundheit","items":[]}]},{"label":"Links - Ratgeber - Column 3","type":"Column","hidden":false,"maskLink":false,"items":[{"label":"Pharmazeutische Beratung","type":"Headline","hidden":false,"maskLink":false,"path":"/lp/pharmazeutische-beratung","items":[]},{"label":"Wechselwirkungscheck","type":"Text","hidden":false,"maskLink":false,"path":"/wechselwirkungscheck","items":[]},{"label":"Anwendungshinweise","type":"Text","hidden":false,"maskLink":false,"path":"/lp/pharmazeutische-beratung/anwendungshinweise","items":[]},{"label":"Pharmazeutische Dienstleistungen","type":"Text","hidden":false,"maskLink":false,"path":"/lp/pharmazeutische-beratung/dienstleistungen","items":[]},{"label":"Darm-Beratung","type":"Text","hidden":false,"maskLink":false,"path":"/lp/beratung/darmgesundheit","items":[]},{"label":"Leistungen rund ums Rezept","type":"Text","hidden":false,"maskLink":false,"path":"/rezepte/leistungen-ums-rezept","items":[]},{"label":"Medikationsprofil","type":"Text","hidden":false,"maskLink":false,"path":"/lp/pharmazeutische-beratung/medikationsprofil","items":[]},{"label":"Kontakt","type":"Text","hidden":false,"maskLink":false,"path":"/lp/pharmazeutische-beratung","items":[]}]},{"label":"Flyout - Column 4","type":"Column","hidden":false,"maskLink":false,"items":[{"banner":{"name":"dmr-lilly-adipositas-26-01-dark-fly-V1.webp","url":"https://statics.docmorris-plus.de/static/docmorris/cms/dmr_lilly_adipositas_26_01_dark_fly_v1_eac561a25a.webp","mime":"image/webp","width":524,"height":696,"previewUrl":null},"label":"Flyout Kooperation Lilly","type":"Image","hidden":false,"maskLink":false,"path":"/ratgeber/adipositas/behandlungsoptionen?utm_source=onsitedocmorris\u0026utm_medium=banner\u0026utm_campaign=flyoutLilly2601","items":[]}]}]},{"label":"Rezept einlösen","type":"MenuItem","icon":"prescription","hidden":false,"maskLink":false,"path":"/rezepte","items":[{"label":"Links - Column 1","type":"Column","hidden":false,"maskLink":false,"items":[{"label":"Rezept einlösen","type":"Headline","hidden":false,"maskLink":false,"path":"/rezepte","items":[]},{"label":"Informationen zum E-Rezept","type":"Text","hidden":false,"maskLink":false,"path":"/rezepte/e-rezept/informationen","items":[]},{"label":"E-Rezept mit Krankenkassenkarte","type":"Text","hidden":false,"maskLink":false,"path":"/rezepte/egk-elektronische-gesundheitskarte","items":[]},{"label":"E-Rezept-Ausdruck mit QR-Code","type":"Text","hidden":false,"maskLink":false,"path":"/rezepte/rezept-einloesen/e-rezept/scan","items":[]},{"label":"E-Rezepte für die ganze Familie einlösen","type":"Text","hidden":false,"maskLink":false,"path":"/rezepte/familie","items":[]},{"label":"E-Rezept jetzt einlösen","type":"Text","hidden":false,"maskLink":false,"path":"/rezepte/rezept-einloesen/e-rezept","items":[]},{"label":"Klassisches Papierrezept","type":"Text","hidden":false,"maskLink":false,"path":"/rezepte/rezept-einloesen/klassisches-rezept","items":[]},{"label":"Privatrezept","type":"Text","hidden":false,"maskLink":false,"path":"/rezepte/papierrezepte-einsenden","items":[]},{"label":"Freiumschläge","type":"Text","hidden":false,"maskLink":false,"path":"/infomaterial","items":[]}]},{"label":"Links - Column 2","type":"Column","hidden":false,"maskLink":false,"items":[{"label":"Vorteile bei DocMorris","type":"Headline","hidden":false,"maskLink":false,"path":"/","items":[]},{"label":"Neu: Rezept-Bonus","type":"Text","hidden":false,"maskLink":false,"path":"/rezepte/rezept-bonus","items":[]},{"label":"Online-Arzt","type":"Text","hidden":false,"maskLink":false,"path":"/online-arzt","items":[]},{"label":"Rezept-Abo","type":"Text","hidden":false,"maskLink":false,"path":"/rezepte/rezept-abo","items":[]},{"label":"Kostenlose Lieferung","type":"Text","hidden":false,"maskLink":false,"path":"/rezepte/erx-next-day-delivery","items":[]},{"label":"DocMorris App","type":"Text","hidden":false,"maskLink":false,"path":"/lp/app","items":[]},{"label":"Vorteile für Privatversicherte","type":"Text","hidden":false,"maskLink":false,"path":"/rezepte/pkv","items":[]},{"label":"Freundschafts-Vorteil","type":"Text","hidden":false,"maskLink":false,"path":"/freundschafts-vorteil","items":[]},{"label":"Ratgeber","type":"Text","hidden":false,"maskLink":false,"path":"/ratgeber","items":[]}]},{"label":"Links - Column 3","type":"Column","hidden":false,"maskLink":false,"items":[{"label":"Rezept-Services","type":"Headline","hidden":false,"maskLink":false,"path":"/rezepte","items":[]},{"label":"Pharmazeutische Beratung","type":"Text","hidden":false,"maskLink":false,"path":"/lp/pharmazeutische-beratung","items":[]},{"label":"Videoberatung","type":"Text","hidden":false,"maskLink":false,"path":"/lp/pharmazeutische-beratung/videoberatung","items":[]},{"label":"Telefonische Beratung","type":"Text","hidden":false,"maskLink":false,"path":"/hilfe-kontakt","items":[]},{"label":"Wechselwirkungscheck","type":"Text","hidden":false,"maskLink":false,"path":"/wechselwirkungscheck","items":[]},{"label":"Anwendungshinweise","type":"Text","hidden":false,"maskLink":false,"path":"/lp/pharmazeutische-beratung/anwendungshinweise","items":[]},{"label":"Kontakt","type":"Text","hidden":false,"maskLink":false,"path":"/kontaktformular","items":[]}]},{"label":"Flyout - Column 4","type":"Column","hidden":false,"maskLink":false,"items":[{"banner":{"name":"dmr-bonus-2512-fly-irene-desktop-524x696.webp","url":"https://statics.docmorris-plus.de/static/docmorris/cms/dmr_bonus_2512_fly_irene_desktop_524x696_1e965a5c80.webp","mime":"image/webp","width":524,"height":696,"previewUrl":null},"label":"Irene Zuzahlung Bonus","type":"Image","hidden":false,"maskLink":false,"path":"/rezepte/rezept-bonus","items":[]}]}]}]},"__N_SSP":true},"page":"/arzneimittel-gesundheit","query":{},"buildId":"qLI8b0odM2NIqN3-wIRkW","assetPrefix":"/docmorris","runtimeConfig":{"sessionRefetchIntervalInSeconds":"300","gtmBaseUrl":"https://measure.docmorris.de","gtmId":"GTM-KBGX7K8","gtmScriptParams":"\u0026gtm_auth=yMinOWFhvSP5kMUDM7TzXg\u0026gtm_preview=env-2\u0026gtm_cookies_win=x","bazaarvoiceScriptUrl":"https://apps.bazaarvoice.com/deployments/docmorris/new_frontend/production/de_DE/bv.js","kairionScriptUrl":"https://js.kctag.net/kias-docmorrisde.js","scanditApiKey":"AiUlXyWHDZDoDPieUjDZcqkryRvAL5DroQeh1J7FTkkDVNsGXX2DbrFJbW+KeESP3la5GU5RIU3jTXLCoEKSG5hZhKmgfu0GKGl9hD93WHEpSwataXYcvztYI1aSUMmhTmbZyABV/aT3cRrgEBG1nmcSg/Tfb6q5JGFxtfkAusWzE7Ntcm6b3D9znoaqDkNtzBUtkn4nySNTSCxNwz5Di4wJKtQkFowqHBf6NLwJbRaWMzA2UTg15Agszm+gH0jD3D76TtkCyECxEAconzXL3ZsqfI63ZxRJxwBPA1U1w/SsRX+gp2Pu2kl4e6U5fUm3iQBuN0YSpsDTXUTqaxtS0FxoDka1fHVX/AhbTYsb+xt8Chh0wyRGmO8YlhTEM6SmpwXn8MQton4BetaR7wjhn8CQc1Ig9j8zWYgtXC17CvdLhobV+kQByBQcKgTOA0QgMCO4Wvbsmf5bGqFATrepku4n4kb9iX4wB0/FpPq0nB1a4lJcRqAZzap8z48fCdbGvbynPkOBQurPKs88VeT+0WaAEnRtEkoTFbrqhdy9dxQM8ka3UZydVnBIYQudQVsTWl1Fg62lTSoBeitflF+sE/l/QyMQpYqibxYqpDRLTl3cRUeHCf+kFOH7oXUTdCe+kXkIcQdrlU9BPFVcJMakGXScrTDIOo+SoyqOtTLOMCCe9Emlpv9ffcKKz1T6XFLn2X1S0DW0krbzzxBEdJT+HQwEw5Zp2LHSKPezc5YVmzPrYBkKKAf186UIzDc2fW3QUKtikqICCL1Nnut0bhg2skYBgAdOgaYyA5bJYBsKlgMipUdC4LUH8WxhBmwJNJ3FbpYTnZB2WONiDjvHQnvj0TAoSvDPBy4auRrmTOzAN79YKtulJ1QsolQc9otsf3QYH4MsCwOrb+lhKn9JR1ojWXBPaLupCQ2U4crXFrvjkLyis2doc7KGotm1Wkr3ki8vWWscW2fNiGyM1Y2ju8nKt2ik+lbwrFRNFW9OHhK6sdHS9MamZ5uXXjkiJoquIY6wkaQhaOOnUnR2/bdsRMixRAfpNK30anxQr2UvB7qDxj5Ju66dPiE=","domain":"https://www.docmorris.de","abtastyEnabled":"true","abtastyAccountId":"4a9887cb104c883d5cf324396e583ea6","adyenEnv":"live","adyenClientKey":"live_4IWCDSSAXBCJPDX5IICK6DVWAIF23WRA","publicPath":"https://www.docmorris.de","activePartnerCodes":"BSW,Premium,bleibgesund,IKK,TK,Sympany","recaptchaSiteKey":"6Le6WJYnAAAAALJjhVYzuyZyLbggy529cNWSyA2u","cmsApiRoot":"http://docmorris-cms-pro/api","nextPublicEnv":"production","staticUrl":"https://statics.docmorris.de","staticsServiceDomain":"https://statics.docmorris.de","businessUnit":"docmorris","algolia":{"appId":"R7NAV8R2RN","apiKey":"f21022624b7547ad443f573082a75de1","productsIndex":"pro_docmorris_products","categoriesIndex":"pro_docmorris_categories","rxProductsIndex":"pro_docmorris_products_rx","querySuggestionsIndex":"pro_docmorris_products_query_suggestions"},"zendeskPublicKey":"66955451-cbfb-4b8b-8411-397eba046cf3","googleMapsApiKey":"AIzaSyD0nFrRRHOA4umoexcr6Tdtuno84zBgoMg","logger":{"logLevel":"info","isCensorSensitiveValues":true},"featureFlags":{"isReferralEnabled":"true","isSocialLoginEnabled":"true","isAppleLoginEnabled":"true","isKlarnaLoginEnabled":"true","isRxBonusEnabled":"true","isRxBonusRedemptionEnabled":"true","isRxBonusCashbackEnabled":"true","isOrderCancellationEnabled":"true","isRegistrationDoubleOptInEnabled":"true","isZowieEnabled":"true","isDutchAddressesEnabled":"false","isCopaymentDiscountEnabled":"false"},"exactag":{"campaignId":"889b1837b752ec8453006495ec76d2a9"},"zenloop":{"rxServiceId":"WWpVNU5tSm1aR0V0Tm1ZMFpTMDBORGM0TFRoak1qVXROMlpsTlRabE9UWmxOR0V3"},"datadog":{"appId":"ef972739-427b-4328-90ff-82ee3072c14c","clientToken":"pub30b6242b05ac7193a4547b9d61f9dbcb","serviceName":"docmorris-web-commerce"},"zowie":{"instanceId":"0b51bc0e1c964336b303115400ce11b9"},"allowedIframeDomains":"services.herzalter-bestimmen.de,www.herzalter-bestimmen.de,fabel.care,fabel.app.link","erxNfcFlow":{"socketServerUrl":"https://socket-server.docmorris.de","pairingTimeoutInMs":"600000","pairingAlmostTimeoutInMs":"300000","peerIdleMs":""}},"isFallback":false,"isExperimentalCompile":false,"gssp":true,"locale":"de","locales":["de"],"defaultLocale":"de","scriptLoader":[]}</script></body></html>